1659 2928
288 144 833 188 urs-ronrAnuM
894 126 1136 189 NOTA..
1240 148 1359 206 403

70 225 254 275 ‘militiae
275 265 288 286 ,
319 225 393 276 sed
423 245 667 277 munerum
696 229 995 292 temporarias
1025 229 1286 278 vacationes
1317 234 1365 276 δε

80 309 109 342 a
131 293 398 358 gravissimis
429 294 644 342 oneribus
675 295 986 341 immunitates
1007 332 1020 353 ,
1046 297 1225 362 ingenti
1248 312 1364 360 pre-

69 359 145 412 ]tio
174 361 512 407 centurionibus
535 357 738 406 exsoluto
758 396 771 419 ‚
790 358 1073 408 redimebant
1095 362 1258 409 milites
1281 380 1294 422 3
1317 366 1367 409 δεῖ

65 418 184 485 'ideo
221 425 345 492 quasi
378 426 591 473 tributum
617 440 825 472 annuum
845 424 1048 489 pendere
1075 427 1365 475 tenebantur.

3 537 7 546 ,
77 488 226 553 Quod
249 490 357 539 dum
385 491 724 539 centurionibus
769 488 1030 554 solverent,
1068 508 1228 560 quarta
1255 510 1366 558 pars

73 552 293 623 cujusque
329 558 552 624 manipuli
588 555 886 625 spargebatur
921 575 1004 624 per
1038 574 1323 607 commeatus
1349 595 1366 619 ,

74 620 261 671 Gallice
301 621 382 672 des
417 625 583 690 coage‘s
618 662 633 683 ,
671 638 747 673 aut
786 625 836 671 in
878 626 1030 673 castris
1072 626 1362 692 vagabatur:

78 706 233 755 neque
271 690 473 738 modum
508 692 662 738 oneris
701 688 943 758 quisquam
970 729 982 751 ,
1026 708 1180 758 neque
1214 693 1366 759 genus

75 755 266 822 quaesttis
286 756 416 821 pensi
434 756 644 804 habebat.
669 755 757 804 Per
777 758 1018 805 latrocinia
1034 797 1046 816 ‚
1063 775 1146 822 per
1175 773 1365 823 raptus,

73 839 159 890 per
191 818 369 871 servilia
409 823 657 870 ministeria
686 859 699 881 ‚
732 823 1085 870 conniventibus
1126 825 1363 871 centurio-

73 887 208 935 nibus
227 926 241 948 ,
274 890 472 938 militare
492 889 637 936 otium
657 886 958 937 redimebant.
982 888 1198 939 Vidimus
1228 887 1366 955 supra

51 955 272 1002 ‘militum
296 956 504 1023 querelas
523 953 583 1001 ob
603 956 895 1003 vacationum
915 958 1060 1021 pretia
1073 995 1086 1017 ,
1120 954 1297 1004 Annal.
1314 956 1362 1017 Ι,

82 1035 139 1079 17
172 1026 218 1069 ὃ(
244 1038 320 1085 35.
348 1022 604 1071 Infirmatas
638 1037 827 1088 quoque
856 1021 984 1071 fuisse
1016 1024 1225 1090 legiones
1250 1040 1365 1088 pro—

69 1085 254 1137 miscuis
289 1090 488 1140 militum
525 1091 856 1140 commeatibus
888 1090 1062 1139 dierum
1087 1089 1152 1138 est
1181 1087 1366 1140 Annal-

71 1150 176 1203 XV
198 1193 212 1215 ,
246 1171 322 1204 10.

16 1219 20 1230 ’
141 1218 189 1271 V
191 1219 286 1287 ulgi
314 1220 579 1288 largitione.
607 1225 772 1294 Vulgo
790 1263 802 1286 ,
831 1222 879 1273 id
911 1223 973 1272 est
994 1221 1362 1287 manipularibus

70 1285 292 1337 militibus
308 1328 321 1351 ,
351 1289 540 1356 largitus
580 1295 642 1342 est
677 1292 811 1343 Otho
838 1293 1133 1339 vacationum
1156 1326 1170 1347 ,
1196 1306 1357 1339 centu-

61 1354 275 1417 ‘tionibus
304 1357 504 1421 praestari
531 1356 769 1409 solitarum
789 1397 803 1420 ,
838 1357 1144 1406 remiffionem
1162 1372 1178 1416 3
1212 1372 1258 1404 at
1296 1375 1359 1411 ne

70 1419 160 1468 hac
190 1422 471 1487 largitione,
511 1429 838 1475 centurionum
876 1426 1058 1472 animos
1094 1437 1317 1472 averteret
1338 1435 1366 1489 ,¹

70 1484 196 1554 quasi
222 1485 307 1536 suis
340 1490 599 1538 commodis
643 1492 992 1550 fraudarentur,
1031 1484 1188 1535 fiscum
1224 1487 1356 1543 suum

69 1556 330 1603 vacationes
356 1572 531 1604 annuas
552 1559 605 1606 iis
630 1558 936 1607 exsoluturum
959 1551 1186 1620 promifit.

129 1616 204 1668 Ab
224 1620 515 1670 evocatam
527 1627 724 1676 evocatis
745 1626 840 1689 jam
851 1622 1026 1671 dictum
1036 1616 1171 1683 supra
1192 1655 1205 1679 ,
1227 1616 1354 1686 Cap·

120 1702 159 1733 1.

132 1749 259 1799 CAP.
287 1749 500 1800 XLVII.
532 1750 583 1803 V
579 1770 683 1802 ocar
697 1755 910 1817 senarum
929 1763 1096 1809 praeror
1119 1749 1356 1802 Urbanus.

71 1813 324 1865 Interfeffls
360 1815 538 1866 duobus
583 1818 858 1868 Consulibus
895 1815 1049 1866 Galba>
1087 1821 1130 1864 ὃ(
1158 1816 1306 1867 Vinio
1330 1855 1344 1878 ,

67 1899 231 1930 eorum
267 1885 427 1933 munia
467 1885 622 1944 obibat
645 1902 815 1953 praetor
852 1883 1090 1933 Urbanus
1113 1883 1244 1932 Idem
1277 1885 1351 1947 jus

69 1965 167 1997 erat
187 1951 390 2015 praetoris
416 1950 600 2001 Urbani
623 1991 636 2013 ‚
663 1953 693 2001 si
716 1950 916 2002 abessent
937 1946 1144 1998 consules
1162 1968 1181 2014 3
1212 1965 1262 2001 ut
1278 1952 1349 2001 vi-

65 2014 172 2064 dere
197 2017 259 2064 est
279 2016 402 2082 apud
425 2017 705 2068 Ciceronem
725 2059 739 2082 ‚
766 2017 856 2083 Ep.
871 2015 922 2065 X
938 2055 951 2077 ‚
988 2033 1064 2063 12.

133 2080 190 2131 In
217 2081 494 2144 Capitolium
530 2084 603 2135 Ut
624 2102 774 2154 grates
795 2084 905 2139 Jovi
928 2081 1205 2150 Capitolino
1227 2098 1348 2151 age-->

66 2163 150 2198 tet.

131 2213 191 2263 In
209 2211 451 2276 palatium.
471 2215 684 2267 Domum
705 2216 980 2281 Augustam.

132 2278 472 2348 Redemprifilue
513 2284 755 2346 capitibus.
780 2283 914 2334 Vinii
952 2296 1090 2348 caput
1125 2278 1218 2331 filia
1248 2282 1347 2343 ejus

40 2358 41 2361 ’
65 2343 283 2412 Crispina
302 2349 491 2398 redemit
510 2349 670 2400 decem
693 2349 890 2398 millibus
911 2348 1154 2397 sestertium
1175 2386 1187 2408 ,
1224 2346 1345 2395 Gal-

63 2412 167 2461 licae
193 2428 389 2462 monetae
415 2416 538 2466 libris
573 2433 690 2479 1945
711 2456 727 2481 ‚
753 2417 858 2466 teste
881 2414 1126 2465 Plutarcho
1152 2415 1202 2462 in
1223 2411 1347 2463 Gal-

66 2476 156 2542 ba,
194 2495 307 2546 pag.
334 2488 474 2530 1066.

135 2610 262 2660 (ΣΑΡ.
280 2609 511 2665 XLVIII.
530 2610 690 2663 Prima
710 2609 892 2663 militia.
909 2609 964 2660 In
986 2606 1250 2667 Pannonia,
