<?xml version="1.0" encoding="UTF-8"?>
<!DOCTYPE html PUBLIC "-//W3C//DTD XHTML 1.0 Transitional//EN"
    "http://www.w3.org/TR/xhtml1/DTD/xhtml1-transitional.dtd">
<html xmlns="http://www.w3.org/1999/xhtml" xml:lang="en" lang="en">
 <head>
  <title>
</title>
<meta http-equiv="Content-Type" content="text/html;charset=utf-8" />
  <meta name='ocr-system' content='tesseract 3.04.00' />
  <meta name='ocr-capabilities' content='ocr_page ocr_carea ocr_par ocr_line ocrx_word'/>
</head>
<body>
  <div class='ocr_page' id='page_1' title='image "./ccorneliitacitio04taci_0084.png"; bbox 0 0 1670 2961; ppageno 0'>
   <div class='ocr_carea' id='block_1_1' title="bbox 299 136 1415 212">
    <p class='ocr_par' dir='ltr' id='par_1_1' title="bbox 299 136 1415 212">
     <span class='ocr_line' id='line_1_1' title="bbox 299 136 1415 212; baseline 0.008 -19"><span class='ocrx_word' id='word_1_1' title='bbox 299 146 380 212; x_wconf 73' lang='lat'>&#39;76</span> <span class='ocrx_word' id='word_1_2' title='bbox 495 138 569 195; x_wconf 88' lang='lat' dir='ltr'>C.</span> <span class='ocrx_word' id='word_1_3' title='bbox 616 136 1062 196; x_wconf 79' lang='lat' dir='ltr'>CORNELII</span> <span class='ocrx_word' id='word_1_4' title='bbox 1112 139 1415 202; x_wconf 70' lang='lat' dir='ltr'>TAc111</span> 
     </span>
    </p>
   </div>
   <div class='ocr_carea' id='block_1_2' title="bbox 79 230 1584 2656">
    <p class='ocr_par' dir='ltr' id='par_1_2' title="bbox 87 230 1584 323">
     <span class='ocr_line' id='line_1_2' title="bbox 87 230 1584 323; baseline 0.007 -32"><span class='ocrx_word' id='word_1_5' title='bbox 87 293 279 303; x_wconf 35' lang='grc' dir='ltr'>,ξ</span> <span class='ocrx_word' id='word_1_6' title='bbox 300 230 614 315; x_wconf 85' lang='lat' dir='ltr'>composuit</span> <span class='ocrx_word' id='word_1_7' title='bbox 630 281 648 308; x_wconf 88' lang='lat'>,</span> <span class='ocrx_word' id='word_1_8' title='bbox 682 261 722 287; x_wconf 77' lang='grc' dir='ltr'>α</span> <span class='ocrx_word' id='word_1_9' title='bbox 744 236 978 297; x_wconf 86' lang='lat' dir='ltr'>exitium</span> <span class='ocrx_word' id='word_1_10' title='bbox 1021 238 1118 320; x_wconf 79' lang='lat' dir='ltr'>ipsi</span> <span class='ocrx_word' id='word_1_11' title='bbox 1143 238 1372 320; x_wconf 88' lang='lat' dir='ltr'>filioque</span> <span class='ocrx_word' id='word_1_12' title='bbox 1405 249 1519 323; x_wconf 85' lang='lat' dir='ltr'>ejus</span> <span class='ocrx_word' id='word_1_13' title='bbox 1538 261 1584 297; x_wconf 69' lang='lat'>2·</span> 
     </span>
    </p>

    <p class='ocr_par' dir='ltr' id='par_1_3' title="bbox 79 317 1577 390">
     <span class='ocr_line' id='line_1_3' title="bbox 79 317 1577 390; baseline 0.009 -20"><span class='ocrx_word' id='word_1_14' title='bbox 79 317 206 370; x_wconf 70' lang='lat' dir='ltr'>⁴·⁶··U·</span> <span class='ocrx_word' id='word_1_15' title='bbox 230 322 265 361; x_wconf 90' lang='lat' dir='ltr'>C</span> <span class='ocrx_word' id='word_1_16' title='bbox 301 317 566 376; x_wconf 89' lang='lat' dir='ltr'>minitans</span> <span class='ocrx_word' id='word_1_17' title='bbox 591 364 607 390; x_wconf 91' lang='lat'>‚</span> <span class='ocrx_word' id='word_1_18' title='bbox 668 347 701 371; x_wconf 78' lang='lat' dir='ltr'>oc</span> <span class='ocrx_word' id='word_1_19' title='bbox 727 320 787 378; x_wconf 91' lang='lat' dir='ltr'>ni</span> <span class='ocrx_word' id='word_1_20' title='bbox 816 319 1127 382; x_wconf 85' lang='lat' dir='ltr'><strong>incolumes</strong></span> <span class='ocrx_word' id='word_1_21' title='bbox 1150 320 1250 380; x_wconf 88' lang='lat' dir='ltr'>fibi</span> <span class='ocrx_word' id='word_1_22' title='bbox 1296 344 1474 384; x_wconf 86' lang='lat' dir='ltr'>mater</span> <span class='ocrx_word' id='word_1_23' title='bbox 1514 348 1577 384; x_wconf 90' lang='lat' dir='ltr'>ac</span> 
     </span>
    </p>

    <p class='ocr_par' dir='ltr' id='par_1_4' title="bbox 129 395 1572 479">
     <span class='ocr_line' id='line_1_4' title="bbox 129 395 1572 479; baseline 0.01 -27"><span class='ocrx_word' id='word_1_24' title='bbox 129 395 242 438; x_wconf 77' lang='lat'>822·</span> <span class='ocrx_word' id='word_1_25' title='bbox 300 399 509 460; x_wconf 67' lang='lat' dir='ltr'>„liberi</span> <span class='ocrx_word' id='word_1_26' title='bbox 564 399 909 464; x_wconf 78' lang='lat' dir='ltr'>servarentur</span> <span class='ocrx_word' id='word_1_27' title='bbox 932 434 991 464; x_wconf 67' lang='grc' dir='ltr'>υ.</span> <span class='ocrx_word' id='word_1_28' title='bbox 1044 409 1112 466; x_wconf 87' lang='lat' dir='ltr'>Et</span> <span class='ocrx_word' id='word_1_29' title='bbox 1171 405 1318 465; x_wconf 89' lang='lat' dir='ltr'>stetit</span> <span class='ocrx_word' id='word_1_30' title='bbox 1369 406 1572 479; x_wconf 89' lang='lat' dir='ltr'>domus</span> 
     </span>
    </p>

    <p class='ocr_par' dir='ltr' id='par_1_5' title="bbox 119 473 1575 565">
     <span class='ocr_line' id='line_1_5' title="bbox 119 473 1575 565; baseline 0.005 -22"><span class='ocrx_word' id='word_1_31' title='bbox 119 473 160 514; x_wconf 70' lang='lat'>³·</span> <span class='ocrx_word' id='word_1_32' title='bbox 192 475 241 515; x_wconf 76' lang='lat' dir='ltr'>C·</span> <span class='ocrx_word' id='word_1_33' title='bbox 299 505 532 565; x_wconf 86' lang='lat' dir='ltr'>utraque</span> <span class='ocrx_word' id='word_1_34' title='bbox 581 507 594 541; x_wconf 71' lang='grc' dir='ltr'>ε</span> <span class='ocrx_word' id='word_1_35' title='bbox 647 484 745 544; x_wconf 93' lang='lat' dir='ltr'>sub</span> <span class='ocrx_word' id='word_1_36' title='bbox 799 487 1035 547; x_wconf 85' lang='lat' dir='ltr'><strong>Othone</strong></span> <span class='ocrx_word' id='word_1_37' title='bbox 1079 537 1097 562; x_wconf 86' lang='lat'>‚</span> <span class='ocrx_word' id='word_1_38' title='bbox 1165 489 1446 551; x_wconf 90' lang='lat' dir='ltr'>incertum</span> <span class='ocrx_word' id='word_1_39' title='bbox 1504 514 1575 550; x_wconf 91' lang='lat' dir='ltr'>an</span> 
     </span>
    </p>

    <p class='ocr_par' dir='ltr' id='par_1_6' title="bbox 142 548 1577 713">
     <span class='ocr_line' id='line_1_6' title="bbox 142 548 1577 655; baseline 0.004 -28"><span class='ocrx_word' id='word_1_40' title='bbox 142 548 176 596; x_wconf 61' lang='lat'>&#39;⁶</span> <span class='ocrx_word' id='word_1_41' title='bbox 177 555 207 596; x_wconf 88' lang='lat'>9</span> <span class='ocrx_word' id='word_1_42' title='bbox 211 577 225 593; x_wconf 81' lang='lat'><em>⁶</em></span> <span class='ocrx_word' id='word_1_43' title='bbox 296 589 497 644; x_wconf 80' lang='lat' dir='ltr'>metu3</span> <span class='ocrx_word' id='word_1_44' title='bbox 534 567 799 628; x_wconf 85' lang='lat' dir='ltr'>Vitellius</span> <span class='ocrx_word' id='word_1_45' title='bbox 840 570 1018 629; x_wconf 63' lang='lat' dir='ltr'>vietor</span> <span class='ocrx_word' id='word_1_46' title='bbox 1040 619 1058 644; x_wconf 86' lang='lat'>‚</span> <span class='ocrx_word' id='word_1_47' title='bbox 1104 571 1415 637; x_wconf 71' lang='lat' dir='ltr'>clementiae</span> <span class='ocrx_word' id='word_1_48' title='bbox 1450 572 1577 655; x_wconf 85' lang='lat' dir='ltr'>glo-</span> 
     </span>
     <span class='ocr_line' id='line_1_7' title="bbox 290 648 630 713; baseline -0.009 -1"><span class='ocrx_word' id='word_1_49' title='bbox 290 652 440 713; x_wconf 84' lang='lat' dir='ltr'>¹riam</span> <span class='ocrx_word' id='word_1_50' title='bbox 486 648 630 709; x_wconf 74' lang='lat' dir='ltr'>tulit.</span> 
     </span>
    </p>

    <p class='ocr_par' dir='ltr' id='par_1_7' title="bbox 257 733 1575 2656">
     <span class='ocr_line' id='line_1_8' title="bbox 382 733 1575 799; baseline 0.003 -7"><span class='ocrx_word' id='word_1_51' title='bbox 382 733 657 794; x_wconf 88' lang='lat' dir='ltr'><strong>LXXVI.</strong></span> <span class='ocrx_word' id='word_1_52' title='bbox 703 735 839 791; x_wconf 82' lang='lat' dir='ltr'>PR1</span> <span class='ocrx_word' id='word_1_53' title='bbox 861 756 961 794; x_wconf 77' lang='lat' dir='ltr'>Mu</span> <span class='ocrx_word' id='word_1_54' title='bbox 983 757 1004 793; x_wconf 86' lang='lat' dir='ltr'>s</span> <span class='ocrx_word' id='word_1_55' title='bbox 1051 733 1278 793; x_wconf 88' lang='lat' dir='ltr'>Othoni</span> <span class='ocrx_word' id='word_1_56' title='bbox 1307 734 1575 799; x_wconf 85' lang='lat' dir='ltr'>fiduciam</span> 
     </span>
     <span class='ocr_line' id='line_1_9' title="bbox 287 816 1571 899; baseline 0 -22"><span class='ocrx_word' id='word_1_57' title='bbox 287 817 514 886; x_wconf 73' lang='lat' dir='ltr'>addidit</span> <span class='ocrx_word' id='word_1_58' title='bbox 573 840 640 882; x_wconf 86' lang='lat' dir='ltr'>ex</span> <span class='ocrx_word' id='word_1_59' title='bbox 681 816 905 894; x_wconf 85' lang='lat' dir='ltr'>Illyrico</span> <span class='ocrx_word' id='word_1_60' title='bbox 952 818 1181 878; x_wconf 86' lang='lat' dir='ltr'>nuntius</span> <span class='ocrx_word' id='word_1_61' title='bbox 1221 866 1238 894; x_wconf 84' lang='grc'>,</span> <span class='ocrx_word' id='word_1_62' title='bbox 1277 818 1474 899; x_wconf 80' lang='lat' dir='ltr'>jurasse</span> <span class='ocrx_word' id='word_1_63' title='bbox 1510 821 1571 877; x_wconf 89' lang='lat' dir='ltr'>in</span> 
     </span>
     <span class='ocr_line' id='line_1_10' title="bbox 286 900 1571 973; baseline 0 -13"><span class='ocrx_word' id='word_1_64' title='bbox 286 925 424 969; x_wconf 78' lang='lat' dir='ltr'>eum</span> <span class='ocrx_word' id='word_1_65' title='bbox 459 900 760 959; x_wconf 79' lang='lat' dir='ltr'>Dalmatiae</span> <span class='ocrx_word' id='word_1_66' title='bbox 778 947 794 972; x_wconf 85' lang='lat'>‚</span> <span class='ocrx_word' id='word_1_67' title='bbox 819 925 880 959; x_wconf 90' lang='lat' dir='ltr'>ac</span> <span class='ocrx_word' id='word_1_68' title='bbox 905 902 1205 960; x_wconf 69' lang='lat' dir='ltr'>Pannonia:</span> <span class='ocrx_word' id='word_1_69' title='bbox 1229 949 1245 973; x_wconf 85' lang='lat'>‚</span> <span class='ocrx_word' id='word_1_70' title='bbox 1278 911 1334 961; x_wconf 64' lang='grc' dir='ltr'>ὃ(</span> <span class='ocrx_word' id='word_1_71' title='bbox 1357 902 1571 961; x_wconf 81' lang='lat' dir='ltr'>Moefiae</span> 
     </span>
     <span class='ocr_line' id='line_1_11' title="bbox 283 983 1570 1067; baseline 0.001 -23"><span class='ocrx_word' id='word_1_72' title='bbox 283 984 556 1067; x_wconf 78' lang='lat' dir='ltr'>legiones·</span> <span class='ocrx_word' id='word_1_73' title='bbox 584 985 749 1044; x_wconf 70' lang='lat' dir='ltr'>Ioem</span> <span class='ocrx_word' id='word_1_74' title='bbox 778 1006 843 1043; x_wconf 86' lang='lat' dir='ltr'>ex</span> <span class='ocrx_word' id='word_1_75' title='bbox 869 983 1134 1066; x_wconf 64' lang='lat' dir='ltr'>Hispania</span> <span class='ocrx_word' id='word_1_76' title='bbox 1156 984 1390 1044; x_wconf 87' lang='lat' dir='ltr'>allatum</span> <span class='ocrx_word' id='word_1_77' title='bbox 1412 1010 1424 1042; x_wconf 72' lang='grc' dir='ltr'>ε</span> <span class='ocrx_word' id='word_1_78' title='bbox 1449 985 1570 1045; x_wconf 85' lang='lat' dir='ltr'>lau-</span> 
     </span>
     <span class='ocr_line' id='line_1_12' title="bbox 282 1066 1562 1151; baseline 0 -25"><span class='ocrx_word' id='word_1_79' title='bbox 282 1066 559 1149; x_wconf 83' lang='lat' dir='ltr'>datusque</span> <span class='ocrx_word' id='word_1_80' title='bbox 607 1089 705 1151; x_wconf 90' lang='lat' dir='ltr'>per</span> <span class='ocrx_word' id='word_1_81' title='bbox 763 1067 1015 1127; x_wconf 64' lang='lat' dir='ltr'>edietum</span> <span class='ocrx_word' id='word_1_82' title='bbox 1060 1067 1296 1127; x_wconf 85' lang='lat' dir='ltr'>Cluvius</span> <span class='ocrx_word' id='word_1_83' title='bbox 1336 1066 1562 1129; x_wconf 88' lang='lat' dir='ltr'>Rufus:</span> 
     </span>
     <span class='ocr_line' id='line_1_13' title="bbox 280 1149 1568 1233; baseline 0.002 -24"><span class='ocrx_word' id='word_1_84' title='bbox 280 1159 346 1221; x_wconf 62' lang='grc' dir='ltr'>ὃς</span> <span class='ocrx_word' id='word_1_85' title='bbox 391 1151 575 1210; x_wconf 89' lang='lat' dir='ltr'>statim</span> <span class='ocrx_word' id='word_1_86' title='bbox 620 1149 916 1233; x_wconf 82' lang='lat' dir='ltr'>cognitum</span> <span class='ocrx_word' id='word_1_87' title='bbox 960 1152 1035 1211; x_wconf 91' lang='lat' dir='ltr'>est</span> <span class='ocrx_word' id='word_1_88' title='bbox 1064 1196 1082 1222; x_wconf 83' lang='lat'>,</span> <span class='ocrx_word' id='word_1_89' title='bbox 1128 1150 1453 1212; x_wconf 84' lang='lat' dir='ltr'>conversam</span> <span class='ocrx_word' id='word_1_90' title='bbox 1495 1151 1568 1211; x_wconf 88' lang='lat' dir='ltr'>ad</span> 
     </span>
     <span class='ocr_line' id='line_1_14' title="bbox 279 1233 1568 1317; baseline 0.002 -24"><span class='ocrx_word' id='word_1_91' title='bbox 279 1234 593 1298; x_wconf 84' lang='lat' dir='ltr'>Vitellium</span> <span class='ocrx_word' id='word_1_92' title='bbox 636 1233 982 1317; x_wconf 84' lang='lat' dir='ltr'>Hispaniam.</span> <span class='ocrx_word' id='word_1_93' title='bbox 1004 1236 1095 1301; x_wconf 94' lang='lat' dir='ltr'>Ne</span> <span class='ocrx_word' id='word_1_94' title='bbox 1117 1233 1423 1315; x_wconf 87' lang='lat' dir='ltr'>Aquitania</span> <span class='ocrx_word' id='word_1_95' title='bbox 1449 1236 1568 1316; x_wconf 90' lang='lat' dir='ltr'>qui-</span> 
     </span>
     <span class='ocr_line' id='line_1_15' title="bbox 275 1316 1566 1399; baseline 0.001 -21"><span class='ocrx_word' id='word_1_96' title='bbox 275 1318 422 1383; x_wconf 72' lang='lat' dir='ltr'>vdem</span> <span class='ocrx_word' id='word_1_97' title='bbox 441 1365 459 1391; x_wconf 86' lang='lat'>,</span> <span class='ocrx_word' id='word_1_98' title='bbox 489 1341 838 1399; x_wconf 86' lang='lat' dir='ltr'>quamquam</span> <span class='ocrx_word' id='word_1_99' title='bbox 864 1343 895 1378; x_wconf 89' lang='lat' dir='ltr'>a</span> <span class='ocrx_word' id='word_1_100' title='bbox 921 1319 953 1385; x_wconf 90' lang='lat' dir='ltr'>J</span> <span class='ocrx_word' id='word_1_101' title='bbox 958 1316 1073 1376; x_wconf 92' lang='lat' dir='ltr'>ulio</span> <span class='ocrx_word' id='word_1_102' title='bbox 1089 1317 1286 1381; x_wconf 90' lang='lat' dir='ltr'>Cordo</span> <span class='ocrx_word' id='word_1_103' title='bbox 1309 1318 1370 1378; x_wconf 92' lang='lat' dir='ltr'>in</span> <span class='ocrx_word' id='word_1_104' title='bbox 1393 1319 1566 1379; x_wconf 88' lang='lat' dir='ltr'>verba</span> 
     </span>
     <span class='ocr_line' id='line_1_16' title="bbox 276 1399 1559 1482; baseline -0.001 -19"><span class='ocrx_word' id='word_1_105' title='bbox 276 1402 533 1463; x_wconf 88' lang='lat' dir='ltr'>Othonis</span> <span class='ocrx_word' id='word_1_106' title='bbox 561 1402 818 1461; x_wconf 67' lang='lat' dir='ltr'>obstrieta</span> <span class='ocrx_word' id='word_1_107' title='bbox 839 1449 855 1474; x_wconf 83' lang='lat'>‚</span> <span class='ocrx_word' id='word_1_108' title='bbox 899 1400 998 1460; x_wconf 84' lang='lat' dir='ltr'>diu</span> <span class='ocrx_word' id='word_1_109' title='bbox 1021 1399 1237 1460; x_wconf 79' lang='lat' dir='ltr'>mansit.</span> <span class='ocrx_word' id='word_1_110' title='bbox 1266 1400 1559 1482; x_wconf 80' lang='lat' dir='ltr'>Nusquam</span> 
     </span>
     <span class='ocr_line' id='line_1_17' title="bbox 276 1484 1560 1557; baseline 0 -12"><span class='ocrx_word' id='word_1_111' title='bbox 276 1486 419 1545; x_wconf 86' lang='lat' dir='ltr'>fides</span> <span class='ocrx_word' id='word_1_112' title='bbox 443 1533 459 1557; x_wconf 88' lang='lat'>‚</span> <span class='ocrx_word' id='word_1_113' title='bbox 491 1506 584 1543; x_wconf 87' lang='lat' dir='ltr'>aut</span> <span class='ocrx_word' id='word_1_114' title='bbox 609 1507 767 1544; x_wconf 89' lang='lat' dir='ltr'>amor</span> <span class='ocrx_word' id='word_1_115' title='bbox 796 1509 807 1541; x_wconf 74' lang='grc' dir='ltr'>ε</span> <span class='ocrx_word' id='word_1_116' title='bbox 836 1505 993 1542; x_wconf 89' lang='lat' dir='ltr'>metu</span> <span class='ocrx_word' id='word_1_117' title='bbox 1025 1509 1086 1543; x_wconf 85' lang='lat' dir='ltr'>ac</span> <span class='ocrx_word' id='word_1_118' title='bbox 1109 1484 1423 1547; x_wconf 76' lang='lat' dir='ltr'>necestitate</span> <span class='ocrx_word' id='word_1_119' title='bbox 1449 1486 1560 1545; x_wconf 85' lang='lat' dir='ltr'>huc</span> 
     </span>
     <span class='ocr_line' id='line_1_18' title="bbox 274 1564 1558 1649; baseline -0.003 -19"><span class='ocrx_word' id='word_1_120' title='bbox 274 1568 412 1630; x_wconf 84' lang='lat' dir='ltr'>illuc</span> <span class='ocrx_word' id='word_1_121' title='bbox 451 1568 826 1627; x_wconf 84' lang='lat' dir='ltr'>mutabantur.</span> <span class='ocrx_word' id='word_1_122' title='bbox 875 1567 1089 1633; x_wconf 82' lang='lat' dir='ltr'>Eadem</span> <span class='ocrx_word' id='word_1_123' title='bbox 1137 1564 1389 1632; x_wconf 81' lang='lat' dir='ltr'>formido</span> <span class='ocrx_word' id='word_1_124' title='bbox 1427 1591 1558 1649; x_wconf 88' lang='lat' dir='ltr'>pro-</span> 
     </span>
     <span class='ocr_line' id='line_1_19' title="bbox 273 1648 1559 1725; baseline 0 -15"><span class='ocrx_word' id='word_1_125' title='bbox 273 1652 523 1717; x_wconf 82' lang='lat' dir='ltr'>vincia-m</span> <span class='ocrx_word' id='word_1_126' title='bbox 537 1648 960 1719; x_wconf 84' lang='lat' dir='ltr'>Narbonensem</span> <span class='ocrx_word' id='word_1_127' title='bbox 976 1649 1353 1710; x_wconf 87' lang='lat' dir='ltr'>adVitellium</span> <span class='ocrx_word' id='word_1_128' title='bbox 1369 1652 1559 1725; x_wconf 86' lang='lat' dir='ltr'>vertit,</span> 
     </span>
     <span class='ocr_line' id='line_1_20' title="bbox 271 1732 1555 1816; baseline 0 -21"><span class='ocrx_word' id='word_1_129' title='bbox 271 1735 427 1796; x_wconf 87' lang='lat' dir='ltr'>facili</span> <span class='ocrx_word' id='word_1_130' title='bbox 449 1732 684 1795; x_wconf 15' lang='lat' dir='ltr'>*transitu</span> <span class='ocrx_word' id='word_1_131' title='bbox 723 1733 794 1793; x_wconf 89' lang='lat' dir='ltr'>ad</span> <span class='ocrx_word' id='word_1_132' title='bbox 834 1734 1116 1816; x_wconf 83' lang='lat' dir='ltr'>proximos</span> <span class='ocrx_word' id='word_1_133' title='bbox 1150 1742 1208 1793; x_wconf 70' lang='grc' dir='ltr'>δε</span> <span class='ocrx_word' id='word_1_134' title='bbox 1240 1732 1555 1795; x_wconf 77' lang='lat' dir='ltr'>validiores·</span> 
     </span>
     <span class='ocr_line' id='line_1_21' title="bbox 268 1816 1556 1902; baseline -0.001 -25"><span class='ocrx_word' id='word_1_135' title='bbox 268 1819 622 1902; x_wconf 85' lang='lat' dir='ltr'>Longinquae</span> <span class='ocrx_word' id='word_1_136' title='bbox 645 1818 959 1900; x_wconf 62' lang='lat' dir='ltr'>provinciae,</span> <span class='ocrx_word' id='word_1_137' title='bbox 977 1825 1035 1878; x_wconf 65' lang='grc' dir='ltr'>,ὃς</span> <span class='ocrx_word' id='word_1_138' title='bbox 1061 1816 1340 1898; x_wconf 82' lang='lat' dir='ltr'>quidquid</span> <span class='ocrx_word' id='word_1_139' title='bbox 1364 1840 1556 1876; x_wconf 83' lang='lat' dir='ltr'>armo-</span> 
     </span>
     <span class='ocr_line' id='line_1_22' title="bbox 270 1901 1552 1981; baseline -0.001 -19"><span class='ocrx_word' id='word_1_140' title='bbox 270 1925 401 1962; x_wconf 86' lang='lat' dir='ltr'>rum</span> <span class='ocrx_word' id='word_1_141' title='bbox 443 1903 587 1960; x_wconf 86' lang='lat' dir='ltr'>mari</span> <span class='ocrx_word' id='word_1_142' title='bbox 625 1901 909 1959; x_wconf 86' lang='lat' dir='ltr'>dirimitur</span> <span class='ocrx_word' id='word_1_143' title='bbox 957 1947 975 1972; x_wconf 80' lang='grc'>,</span> <span class='ocrx_word' id='word_1_144' title='bbox 1031 1921 1199 1981; x_wconf 87' lang='lat' dir='ltr'>penes</span> <span class='ocrx_word' id='word_1_145' title='bbox 1249 1901 1552 1961; x_wconf 84' lang='lat' dir='ltr'>Othonem</span> 
     </span>
     <span class='ocr_line' id='line_1_23' title="bbox 268 1982 1551 2065; baseline 0 -20"><span class='ocrx_word' id='word_1_146' title='bbox 268 1985 579 2046; x_wconf 84' lang='lat' dir='ltr'>manebant</span> <span class='ocrx_word' id='word_1_147' title='bbox 601 2031 617 2054; x_wconf 86' lang='lat'>‚</span> <span class='ocrx_word' id='word_1_148' title='bbox 646 2007 762 2045; x_wconf 91' lang='lat' dir='ltr'>non</span> <span class='ocrx_word' id='word_1_149' title='bbox 797 1982 1038 2065; x_wconf 86' lang='lat' dir='ltr'>partium</span> <span class='ocrx_word' id='word_1_150' title='bbox 1061 1982 1277 2058; x_wconf 79' lang='lat' dir='ltr'>studi03</span> <span class='ocrx_word' id='word_1_151' title='bbox 1317 1983 1408 2043; x_wconf 85' lang='lat' dir='ltr'>sed</span> <span class='ocrx_word' id='word_1_152' title='bbox 1434 2006 1551 2046; x_wconf 85' lang='lat' dir='ltr'>erat</span> 
     </span>
     <span class='ocr_line' id='line_1_24' title="bbox 268 2066 1549 2152; baseline -0.001 -24"><span class='ocrx_word' id='word_1_153' title='bbox 268 2068 481 2152; x_wconf 78' lang='lat' dir='ltr'>grande</span> <span class='ocrx_word' id='word_1_154' title='bbox 515 2087 875 2135; x_wconf 82' lang='lat' dir='ltr'>momentum</span> <span class='ocrx_word' id='word_1_155' title='bbox 896 2066 954 2126; x_wconf 86' lang='lat' dir='ltr'>in</span> <span class='ocrx_word' id='word_1_156' title='bbox 979 2067 1211 2125; x_wconf 90' lang='lat' dir='ltr'>nomine</span> <span class='ocrx_word' id='word_1_157' title='bbox 1234 2067 1406 2124; x_wconf 87' lang='lat' dir='ltr'>Urbis</span> <span class='ocrx_word' id='word_1_158' title='bbox 1429 2116 1446 2138; x_wconf 85' lang='lat'>,</span> <span class='ocrx_word' id='word_1_159' title='bbox 1484 2092 1549 2127; x_wconf 88' lang='lat' dir='ltr'>ac</span> 
     </span>
     <span class='ocr_line' id='line_1_25' title="bbox 266 2148 1547 2236; baseline -0.002 -26"><span class='ocrx_word' id='word_1_160' title='bbox 266 2172 533 2236; x_wconf 65' lang='lat' dir='ltr'>praetextu</span> <span class='ocrx_word' id='word_1_161' title='bbox 565 2148 827 2214; x_wconf 63' lang='lat' dir='ltr'>senatus„-</span> <span class='ocrx_word' id='word_1_162' title='bbox 846 2156 913 2209; x_wconf 71' lang='grc' dir='ltr'>,δε</span> <span class='ocrx_word' id='word_1_163' title='bbox 937 2169 1301 2230; x_wconf 86' lang='lat' dir='ltr'>occupaverat</span> <span class='ocrx_word' id='word_1_164' title='bbox 1327 2151 1547 2209; x_wconf 82' lang='lat' dir='ltr'>animos</span> 
     </span>
     <span class='ocr_line' id='line_1_26' title="bbox 265 2231 1547 2319; baseline -0.001 -26"><span class='ocrx_word' id='word_1_165' title='bbox 265 2236 418 2319; x_wconf 86' lang='lat' dir='ltr'>prior</span> <span class='ocrx_word' id='word_1_166' title='bbox 445 2234 683 2294; x_wconf 83' lang='lat' dir='ltr'>auditus.</span> <span class='ocrx_word' id='word_1_167' title='bbox 724 2232 1022 2295; x_wconf 73' lang='lat' dir='ltr'>Judaicum</span> <span class='ocrx_word' id='word_1_168' title='bbox 1057 2231 1369 2291; x_wconf 81' lang='lat' dir='ltr'>exercitum</span> <span class='ocrx_word' id='word_1_169' title='bbox 1399 2232 1547 2296; x_wconf 77' lang='lat' dir='ltr'>Ves-</span> 
     </span>
     <span class='ocr_line' id='line_1_27' title="bbox 266 2314 1543 2403; baseline -0.002 -26"><span class='ocrx_word' id='word_1_170' title='bbox 266 2316 515 2403; x_wconf 81' lang='lat' dir='ltr'>pafianus</span> <span class='ocrx_word' id='word_1_171' title='bbox 545 2364 560 2387; x_wconf 85' lang='lat'>‚</span> <span class='ocrx_word' id='word_1_172' title='bbox 615 2317 773 2393; x_wconf 71' lang='lat' dir='ltr'>Syriae</span> <span class='ocrx_word' id='word_1_173' title='bbox 816 2315 1065 2396; x_wconf 81' lang='lat' dir='ltr'>legiones</span> <span class='ocrx_word' id='word_1_174' title='bbox 1109 2315 1411 2379; x_wconf 86' lang='lat' dir='ltr'>Mucianus</span> <span class='ocrx_word' id='word_1_175' title='bbox 1457 2314 1543 2375; x_wconf 85' lang='lat' dir='ltr'>sa-</span> 
     </span>
     <span class='ocr_line' id='line_1_28' title="bbox 266 2396 1542 2481; baseline -0.003 -20"><span class='ocrx_word' id='word_1_176' title='bbox 266 2421 558 2473; x_wconf 80' lang='lat' dir='ltr'>cramento</span> <span class='ocrx_word' id='word_1_177' title='bbox 581 2397 830 2457; x_wconf 81' lang='lat' dir='ltr'>Othonis</span> <span class='ocrx_word' id='word_1_178' title='bbox 856 2396 1112 2478; x_wconf 82' lang='lat' dir='ltr'>adegere.</span> <span class='ocrx_word' id='word_1_179' title='bbox 1135 2397 1313 2456; x_wconf 86' lang='lat' dir='ltr'>Simul</span> <span class='ocrx_word' id='word_1_180' title='bbox 1336 2402 1542 2481; x_wconf 84' lang='lat' dir='ltr'>AEgyp-</span> 
     </span>
     <span class='ocr_line' id='line_1_29' title="bbox 265 2479 1538 2563; baseline 0 -23"><span class='ocrx_word' id='word_1_181' title='bbox 265 2505 354 2553; x_wconf 72' lang='lat' dir='ltr'>tus</span> <span class='ocrx_word' id='word_1_182' title='bbox 407 2532 423 2555; x_wconf 86' lang='lat'>,</span> <span class='ocrx_word' id='word_1_183' title='bbox 497 2480 805 2563; x_wconf 80' lang='lat' dir='ltr'>omnesque</span> <span class='ocrx_word' id='word_1_184' title='bbox 873 2479 1033 2539; x_wconf 69' lang='lat' dir='ltr'>versae</span> <span class='ocrx_word' id='word_1_185' title='bbox 1107 2480 1167 2539; x_wconf 88' lang='lat' dir='ltr'>in</span> <span class='ocrx_word' id='word_1_186' title='bbox 1234 2481 1538 2542; x_wconf 87' lang='lat' dir='ltr'>Orientem</span> 
     </span>
     <span class='ocr_line' id='line_1_30' title="bbox 257 2565 1536 2656; baseline -0.003 -28"><span class='ocrx_word' id='word_1_187' title='bbox 257 2567 556 2656; x_wconf 69' lang='lat' dir='ltr'>provincia:</span> <span class='ocrx_word' id='word_1_188' title='bbox 568 2613 586 2639; x_wconf 80' lang='grc'>,</span> <span class='ocrx_word' id='word_1_189' title='bbox 613 2565 846 2626; x_wconf 85' lang='lat' dir='ltr'>nomine</span> <span class='ocrx_word' id='word_1_190' title='bbox 866 2570 978 2645; x_wconf 85' lang='lat' dir='ltr'>ejus</span> <span class='ocrx_word' id='word_1_191' title='bbox 999 2565 1348 2630; x_wconf 87' lang='lat' dir='ltr'>tenebantur.</span> <span class='ocrx_word' id='word_1_192' title='bbox 1371 2565 1536 2630; x_wconf 80' lang='lat' dir='ltr'>Idem.</span> 
     </span>
    </p>
   </div>
   <div class='ocr_carea' id='block_1_3' title="bbox 93 260 279 277">
    <p class='ocr_par' dir='ltr' id='par_1_8' title="bbox 93 260 279 277">
     <span class='ocr_line' id='line_1_31' title="bbox 93 260 279 277; baseline 0 2684"><span class='ocrx_word' id='word_1_193' title='bbox 93 260 279 277; x_wconf 95' lang='lat' dir='ltr'> </span> 
     </span>
    </p>
   </div>
   <div class='ocr_carea' id='block_1_4' title="bbox 85 276 281 292">
    <p class='ocr_par' dir='ltr' id='par_1_9' title="bbox 85 276 281 292">
     <span class='ocr_line' id='line_1_32' title="bbox 85 276 281 292; baseline 0 2669"><span class='ocrx_word' id='word_1_194' title='bbox 85 276 281 292; x_wconf 95' lang='lat' dir='ltr'> </span> 
     </span>
    </p>
   </div>
  </div>
 </body>
</html>
