1714 2961
326 136 936 178 xus-sommium
995 114 1246 176 L1n.1.
1351 137 1427 194 43

245 218 584 279 XXXVIII.
614 214 740 275 «Ac
769 237 842 275 ne
866 238 977 296 qua
1002 214 1201 275 saltem
1226 215 1286 274 in
1311 213 1435 275 suc-

153 301 406 362 aoceffore
430 299 621 360 Galbae
653 297 772 380 spes
803 297 937 358 effet
956 345 972 370 ‚
1007 299 1217 357 arcessit
1243 300 1312 358 ab
1344 323 1434 361 ex-
1455 294 1504 337 A.
1523 297 1574 336 U·
1594 296 1650 339 C.

153 386 319 447 mfilio
338 433 356 458 ‚
387 406 561 464 quem
587 381 801 441 tristitia
822 391 880 442 δε
900 380 1127 441 avaritia
1152 381 1235 441 sui
1256 382 1432 443 simil-

150 469 400 527 „limum
422 465 723 549 judicabat.
771 466 1003 527 Vidistis
1026 514 1043 538 ,
1083 467 1436 527 commilito-

147 574 330 624 mne3‚
372 549 610 610 notabili
652 553 979 633 tempestate
1009 598 1026 622 ‚
1076 550 1249 610 etiam
1297 551 1434 612 deos

146 633 488 695 :oinfaustam
512 634 885 717 adoptionem
912 632 1239 695 aversantes,
1269 635 1434 696 Idem

141 718 406 779 ›sasenatfis
432 766 449 791 ‚
497 718 656 777 idem
691 718 884 802 populi
919 720 1168 778 Romani
1209 720 1430 780 animus

144 805 281 863 mest.
307 804 504 863 Vestra
525 802 698 860 virtus
725 802 1066 883 &speetatur
1085 850 1101 874 ‚
1123 803 1272 886 apud
1288 827 1430 886 quos

141 888 360 945 :oomne
403 886 643 944 honestis
687 886 928 945 consiliis
970 886 1180 959 robur,
1219 896 1277 946 &
1315 886 1430 950 fine

141 969 419 1051 mquibu8‚
443 968 701 1049 quamvis
729 972 957 1054 egregia
978 1019 994 1042 ,
1021 970 1269 1029 invalida
1288 969 1432 1033 sunt.

140 1055 320 1113 :oNon
345 1053 418 1112 ad
444 1052 662 1112 bellum
692 1077 788 1114 vos
815 1102 832 1127 ,
878 1078 981 1114 nec
1009 1054 1080 1112 ad
1111 1055 1427 1136 periculum

139 1161 329 1197 aovoco
363 1162 376 1192 ι
431 1137 696 1196 omnium
742 1160 899 1196 arma
941 1136 1240 1197 nobiscum
1284 1138 1429 1201 sunt.

138 1223 305 1281 „Nec
351 1243 461 1278 una
504 1222 702 1278 cohors
746 1242 937 1304 togata
975 1220 1237 1281 defendit
1276 1246 1429 1283 nunc

138 1304 428 1365 mGalbam
454 1352 471 1377 ‚
513 1301 611 1363 sed
635 1303 873 1364 detinet.
896 1304 1054 1365 Cum
1080 1329 1178 1365 vos
1207 1303 1426 1389 aspexe-

136 1390 255 1448 :orit
277 1437 295 1462 ‚
334 1388 465 1448 cum
497 1386 718 1472 fignum
746 1412 943 1449 meum
973 1391 1248 1471 acceperit
1272 1438 1287 1462 ‚
1315 1391 1425 1452 hoc

133 1472 362 1533 :nsolurn
393 1472 499 1533 erit
532 1493 820 1533 certamen
843 1522 860 1546 ,
901 1474 1025 1555 quis
1059 1474 1203 1532 mihi
1243 1471 1418 1557 pluri-

135 1581 343 1617 aamum
370 1558 630 1639 imputet.
668 1557 872 1617 Nullus
897 1558 1242 1618 cunstationi
1266 1557 1420 1620 locus

134 1645 256 1704 vest
279 1643 336 1700 in
363 1665 431 1701 eo
458 1640 689 1700 consilio
711 1690 727 1714 ,
768 1642 925 1724 quod
947 1666 1064 1701 non
1095 1644 1271 1725 potest
1296 1642 1419 1701 lau-

131 1726 297 1785 „dari
321 1774 339 1799 ‚
378 1723 479 1783 nisi
519 1730 884 1806 pertritum».
937 1725 1174 1808 Aperite
1205 1725 1416 1787 deinde

137 1811 633 1868 armamentarium
655 1809 796 1886 juffit
817 1834 830 1867 t
851 1831 1007 1891 rapta
1030 1810 1212 1868 statim
1237 1832 1413 1882 arma,

132 1892 246 1952 fine
276 1915 433 1951 more
463 1902 520 1952 δε
543 1890 742 1950 ordine
768 1890 980 1950 militiae
1003 1940 1019 1963 ,
1054 1913 1114 1951 ut
1136 1893 1413 1974 praetoria-

130 2000 234 2036 nus
250 2024 267 2048 ‚
290 1997 382 2035 aut
410 1974 745 2056 legionarius
764 1973 1070 2058 insignibus
1093 1975 1198 2035 suis
1220 1976 1410 2036 distin-

130 2081 408 2143 gueretur.
462 2057 775 2120 Miscentur
802 2059 1156 2120 auxiliaribus
1180 2107 1197 2132 ‚
1237 2060 1410 2143 galeis

128 2142 420 2225 scutisque.
491 2143 668 2202 Nullo
722 2144 1081 2203 tribunorum
1130 2147 1411 2204 centurio-

129 2251 338 2305 numve
366 2227 699 2288 adhortante
728 2277 744 2300 ,
777 2228 878 2287 fibi
900 2227 1132 2310 quisque
1164 2228 1273 2287 dux
1296 2278 1312 2302 ,
1348 2237 1408 2289 &

127 2313 412 2394 instigator
437 2338 450 2371 z
488 2322 543 2374 δέ
570 2313 907 2397 praecipuum
933 2313 1291 2397 peffimorum
1315 2313 1407 2370 in·-

126 2398 497 2456 citamentum
524 2446 540 2469 ,
584 2396 740 2479 quod
771 2397 909 2456 boni
940 2397 1262 2456 maerebant.

208 2481 487 2540 XXXIX.
522 2483 653 2545 JAM
689 2483 981 2542 exterritus
1015 2479 1138 2540 Piso
1168 2477 1403 2540 fremitu

121 2562 519 2627 crebrescentis
563 2563 852 2627 seditionis
887 2613 925 2642 ,v
965 2575 1023 2628 &
1062 2564 1293 2628 vocibus
1339 2563 1402 2626 in

1498 369 1583 413 822

1490 446 1530 485 J.
1564 443 1618 484 C.

1520 514 1598 562 69.
