1670 2961
230 157 830 205 HISToRrARUM
881 139 1048 198 L113.
1094 139 1139 200 1.
1260 162 1338 217 49

62 240 291 301 'consilia
325 248 438 322 ejus
476 237 686 300 foviffe.
742 237 890 296 Urbi
914 237 1165 298 Flavium
1191 239 1343 299 Sabi-

64 349 206 385 num
234 324 522 407 praefecere
541 370 557 393 ,
579 321 856 404 judicium
875 321 1116 380 Neronis
1141 323 1310 383 secuti

65 407 168 470 sub
193 432 305 490 quo
332 406 595 467 eamdem
617 428 809 464 curam
838 403 1160 465 obtinuerat
1182 453 1198 477 ,
1231 408 1346 489 ple-

1364 309 1415 348 A.
1436 309 1484 346 U.
1544 329 1564 346 a

1325 373 1341 397 ’
1417 380 1525 421 822.

1415 454 1452 493 J.
1477 453 1530 492 C.

68 492 250 572 risque
276 489 676 571 Vespasianum
705 487 937 548 fratrem
973 489 1034 547 in
1075 512 1142 549 eo
1185 489 1351 574 respi-
1436 525 1517 573 69·

69 573 364 636 cientibus,
416 574 752 656 Flagitatum
781 620 797 645 ‚
832 599 865 623 α
889 593 947 630 ut
991 574 1309 634 vacationes
1333 621 1353 647 ‚

69 659 348 742 mpraestari
384 657 802 717 centurionibus
838 654 1009 714 solitae
1034 704 1051 729 ,
1095 658 1356 718 remitte-

74 764 386 802 narentur».
437 743 701 820 Namque
735 741 1015 822 gregarius
1047 741 1208 800 miles
1235 791 1251 814 ,
1292 762 1357 801 ut

76 827 350 887 tributum
371 848 620 882 annuum
639 871 655 896 ‚
675 823 975 906 pendebat.
994 826 1213 898 Quarta
1235 848 1359 907 pars

77 907 353 991 manipuli
377 955 392 980 ‚
427 906 603 991 sparsa
627 930 726 991 per
751 928 1102 965 commeatus
1129 956 1145 980 ‚
1179 930 1273 968 aut
1297 909 1360 968 in

76 992 201 1076 ipfis
227 992 405 1051 castris
435 1015 575 1074 vaga
593 1039 608 1063 ‚
641 992 782 1049 dum
811 992 1138 1051 mercedem
1167 1014 1360 1053 centu-

78 1077 228 1136 rioni
272 1074 617 1153 exsolveret3
663 1098 848 1156 neque
890 1075 1130 1134 modum
1173 1078 1360 1137 oneris

81 1159 378 1243 quisquam
415 1209 431 1233 ,
487 1182 670 1239 neque
721 1181 894 1240 genus
936 1157 1161 1238 quaestus
1207 1160 1363 1243 pensi

84 1245 368 1305 habebat:
420 1265 516 1324 per
560 1242 849 1300 latrocinia
896 1249 954 1300 δε
997 1264 1221 1325 raptus,
1268 1265 1363 1305 aut

87 1327 372 1388 servilibus
395 1327 741 1398 ministeriis,
786 1324 1029 1386 militare
1061 1328 1246 1386 otium
1275 1351 1367 1388 re-

91 1412 400 1471 dimebant.
451 1412 609 1468 Tum
641 1409 1094 1492 locupletiffimus
1131 1410 1368 1493 quisque

91 1495 253 1556 miles
273 1542 289 1567 ‚
332 1494 522 1554 labore
555 1518 614 1553 ac
642 1492 842 1553 saevitia
871 1492 1093 1576 fatigari
1120 1543 1136 1568 ,
1182 1495 1367 1556 donec

93 1580 446 1641 vacationem
487 1599 737 1639 emeret:
781 1577 880 1636 ubi
922 1577 1235 1662 sumptibus
1274 1603 1371 1640 ex-

93 1665 309 1724 haustus
343 1711 360 1737 ‚
410 1661 660 1722 socordia
721 1660 942 1745 insuper
1004 1663 1329 1747 elanguerat
1353 1713 1373 1739 ,

94 1749 256 1831 inops
281 1770 380 1830 pro
406 1746 682 1828 locuplete
700 1794 716 1818 ‚
748 1755 805 1805 δε
828 1748 974 1806 iners
997 1770 1098 1830 pro
1117 1750 1373 1822 strenu0‚

99 1832 160 1890 in
202 1831 554 1913 manipulum
599 1830 857 1890 redibat:
911 1855 971 1889 ac
1016 1831 1193 1890 rursus
1236 1832 1375 1892 alius

104 1935 270 1995 atque
300 1914 437 1973 alius
464 1962 479 1986 ‚
525 1913 725 1973 eadem
767 1916 1004 1995 egestate
1044 1938 1106 1973 ac
1151 1915 1378 1975 licentia

104 1999 350 2079 corrupti
375 2046 392 2070 ‚
433 1996 505 2056 ad
530 1995 828 2056 seditiones
854 2006 909 2057 &
939 1995 1238 2059 discordias
1261 2047 1276 2072 ‚
1320 2008 1380 2061 δε

105 2081 178 2142 ad
201 2102 547 2152 extremum,
581 2079 729 2139 bella
756 2079 941 2139 civilia
968 2081 1219 2145 ruebant.
1268 2084 1381 2143 Sed

106 2165 269 2226 Otho
293 2212 309 2236 ‚
338 2186 408 2224 ne
435 2163 590 2246 vulgi
617 2163 912 2246 largitione
932 2213 949 2238 ,
983 2167 1381 2227 centurionum

51 2311 61 2326 ,N
108 2249 327 2311 animos
358 2268 660 2320 averteret,
689 2247 924 2308 cefiscum
951 2246 1110 2308 suum
1139 2252 1384 2310 vacatio-

107 2355 252 2391 nones
271 2354 477 2390 annuas
501 2331 923 2392 exsoluturum»
954 2333 1236 2414 promisit:
1262 2357 1385 2395 rem

112 2414 265 2476 haud
310 2414 481 2472 dubie
525 2416 725 2476 utilem
754 2464 771 2489 ‚
821 2425 879 2477 δε
922 2441 954 2476 a
992 2417 1154 2476 bonis
1199 2419 1385 2500 postea

112 2496 461 2579 Principibus
482 2543 498 2567 ,
531 2501 898 2583 perpetuitate
921 2500 1220 2583 disciplinae
1242 2548 1259 2573 ,
1295 2501 1388 2560 fir·-

117 2603 347 2659 matam.
405 2582 554 2639 Laco
603 2581 886 2665 praefecstus
914 2632 931 2658 ,
984 2606 1277 2666 tamquam
1325 2586 1387 2647 in

270 2668 422 2728 Tom.
466 2668 584 2728 IV,
1114 2670 1168 2730 C
