1670 2961
69 284 261 313 m

293 149 401 232 1'32
495 155 568 214 C.
604 156 1044 215 CORNELII
1089 155 1396 216 TAc1T1

285 255 527 338 remiges
570 253 1119 338 propugnatoresque
1165 256 1518 316 turbarentur
1539 266 1563 325 3

65 344 120 385 A.
139 346 189 383 U·
211 343 262 383 C·
285 337 502 400 desilire
527 340 587 398 in
615 339 756 398 vada
781 339 926 398 ultro
947 341 1257 414 Germani,
1283 356 1558 399 retentare
1595 396 1601 398 r

107 419 214 461 822.

103 499 144 539 J.
172 499 222 539 C.

117 577 203 627 69.

283 447 492 508 puppes
520 472 536 496 ,
594 422 856 482 scandere
910 421 1061 482 foros
1093 472 1109 496 ‚
1162 446 1256 484 aut
1304 423 1559 483 cominus

281 530 539 590 mergere
566 531 578 564 :
617 529 737 587 quae
769 511 965 564 cuneta
988 507 1048 564 in
1079 509 1251 567 oculis
1276 505 1561 586 utriusque

283 589 553 652 exercitus
579 617 606 661 ·‚
667 591 883 670 quanto
937 589 1146 648 laetiora
1192 591 1514 652 Vitellianis
1539 635 1559 661 ‚

280 675 443 736 tanto
464 672 639 733 acrius
663 673 983 732 Othoniani
1005 672 1224 734 causam
1251 679 1564 741 auctorem<

277 782 390 842 que
423 757 595 817 cladis
625 757 1055 817 detestabantur.
1161 759 1167 765 “

362 843 640 903 XXXVI.
658 843 737 900 Er
763 840 1024 924 proelium
1044 841 1301 923 quidem,
1316 840 1563 924 abruptis

281 948 404 1007 quae
420 925 740 1009 supererant
759 925 1010 998 navibus,
1027 923 1157 1008 fuga
1178 926 1526 1008 diremptum
1546 949 1559 983 :

278 1011 482 1072 Macer
523 1009 594 1068 ad
636 1009 870 1069 exitium
916 1009 1258 1091 poscebatur.
1317 1010 1563 1090 Jamque

279 1093 640 1160 vulneratum
663 1094 882 1153 eminus
899 1091 1088 1152 lancea
1107 1139 1123 1164 ‚
1149 1092 1338 1151 stristis
1363 1090 1564 1175 gladiis

271 1176 635 1252 invaserant,
675 1176 806 1236 cum
851 1175 1158 1236 intercursu
1205 1175 1563 1236 tribunorum

281 1263 794 1343 centurionumque
838 1261 1165 1344 protegitur.
1221 1261 1340 1319 Nec
1381 1260 1565 1320 multo

278 1347 400 1430 post
415 1395 433 1419 ,
458 1346 761 1408 Vestricius
786 1346 1061 1429 Spurinna
1077 1391 1094 1418 ,
1119 1343 1259 1425 juffu
1275 1344 1526 1405 Othonis
1543 1391 1566 1419 ‚

279 1429 479 1489 relidto
509 1429 802 1489 Placentiae
837 1429 1067 1488 modico
1104 1427 1352 1510 praesidio
1373 1474 1391 1500 ,
1431 1451 1568 1489 cum

279 1513 608 1573 cohortibus
631 1511 903 1572 subvenit.
951 1511 1108 1572 Dein
1136 1510 1386 1570 Flavium
1413 1511 1565 1583 Sabi-

281 1620 426 1658 num
449 1645 466 1670 ‚
507 1595 795 1656 consulem
825 1595 1178 1679 designatum
1202 1641 1219 1666 ‚
1264 1594 1427 1654 Otho
1450 1617 1568 1655 rec-

220 1687 223 1694 ’
280 1701 469 1742 torem
502 1681 674 1764 copiis
706 1679 854 1739 mifit
880 1728 897 1753 ‚
949 1679 1150 1761 quibus
1189 1679 1390 1738 Macer
1428 1701 1568 1762 prae-e

281 1763 505 1842 fuerat3
550 1765 676 1824 laeto
714 1763 897 1824 milite
935 1764 1008 1824 ad
1043 1763 1423 1822 mutationem
1459 1760 1568 1829 du4
1599 1815 1611 1823 .
1648 1786 1649 1789 ’

283 1872 446 1922 cum,
476 1857 534 1908 δε
558 1849 790 1913 ducibus
813 1898 829 1920 ,
873 1847 948 1906 ob
977 1846 1193 1906 crebras
1221 1845 1564 1922 seditiones,

281 1953 402 1994 tam
427 1930 686 1992 infestam
717 1931 985 1990 militiam
1010 1929 1446 2014 aspernantibUS.
1562 1927 1565 1931 ¹

363 2018 678 2079 XXXVII.
716 2019 802 2074 IN
821 2038 860 2077 V
879 2039 908 2074 E
926 2037 1051 2074 N1o
1101 2015 1250 2097 apud
1290 2013 1567 2096 quosdam

279 2104 533 2160 *austores
565 2148 582 2173 ‚
640 2129 673 2152 oc
696 2122 898 2183 pavore
951 2098 1089 2158 belli
1122 2145 1141 2170 ,
1194 2096 1288 2157 seu
1342 2096 1566 2157 fastidio

281 2183 615 2266 »utriusque
645 2185 914 2266 Principis
933 2231 950 2255 ‚
987 2204 1230 2263 quorum
1258 2180 1468 2264 flagitia
1500 2204 1566 2241 ac

282 2266 577 2327 :adedecus
613 2268 888 2350 apertiore
925 2268 984 2324 in
1022 2265 1140 2324 dies
1180 2263 1332 2324 fama
1368 2264 1567 2326 nosce-

285 2351 536 2410 mbantur
557 2398 574 2423 ,
617 2348 889 2409 dubitasse
920 2348 1189 2408 exercitus
1208 2398 1224 2421 ,
1261 2373 1399 2408 num
1419 2398 1436 2422 ‚
1465 2373 1568 2432 po·-

284 2433 434 2492 :nfito
460 2433 765 2493 certamine
790 2481 806 2506 ‚
841 2432 929 2492 vel
953 2432 1050 2515 ipfi
1072 2433 1130 2490 in
1153 2432 1409 2491 medium
1434 2456 1569 2497 conf
1650 2433 1656 2439 ’

283 2516 598 2577 msultarent
620 2564 637 2589 ,
674 2516 764 2576 vel
800 2516 1012 2576 senatui
1051 2518 1446 2598 permitterent
1480 2515 1567 2574 le=
1651 2571 1653 2574 .

285 2623 463 2688 figere
510 2604 936 2686 Imperatorem.
1022 2599 1214 2685 Atque
1268 2602 1335 2663 eb
1390 2599 1563 2662 duce-s
