1714 2961
36 246 226 264 1

33 289 86 330 A.
106 295 154 334 U.
177 296 229 336 C·

79 360 186 407 822.
248 375 257 384 ·

71 435 115 476 J.
147 439 197 479 c.

97 506 180 556 69.

244 130 322 184 40
432 106 1336 176 C.C0RN51.11>TAC1·1‘1

331 209 585 269 XXXV.
609 210 759 268 TUM
800 212 932 281 verb
963 235 1080 271 non
1116 214 1352 296 populus
1393 220 1525 275 tan-⁴²

248 289 370 350 tum
390 338 411 364 ,
455 299 512 352 &
551 291 814 374 imperita
859 294 1015 377 plebs
1054 296 1114 356 in
1159 296 1372 379 plausus
1393 343 1411 370 ,
1458 306 1523 358 &-

245 375 558 434 immodica
580 376 756 435 studia
772 423 788 449 ‚
812 375 909 436 sed
937 379 1194 460 equitum
1222 380 1474 463 plerique
1498 425 1527 453 5

247 482 309 518 ac
337 456 657 518 senatorum
686 505 703 529 ‚
750 459 928 541 pofito
957 483 1115 521 metu
1141 464 1390 535 incauti,
1431 484 1525 521 re-
1600 508 1609 511 -

246 540 434 603 fraletis
461 542 652 626 palatii
676 540 889 602 foribus
912 590 930 616 ‚
970 566 1129 604 ruere
1156 546 1304 605 intus
1327 594 1343 619 ‚
1380 567 1441 603 ac
1466 542 1527 604 se

245 625 442 686 Galbae
474 627 749 685 ostentare
772 673 788 698 ,
825 648 1200 710 cepraereptam
1228 628 1329 688 fibi
1357 628 1531 687 ultio*

244 732 426 770 nonem
445 739 479 763 υ
503 729 818 791 querentes·
844 711 1228 794 Ignaviffimus
1252 709 1485 793 quisque
1506 756 1528 783 ,

249 802 310 853 δε
327 842 344 867 ,
369 814 431 853 ut
453 816 537 853 res
557 793 750 852 docuit
766 841 783 866 ,
806 793 865 852 in
885 794 1134 878 periculo
1149 819 1265 854 non
1285 793 1526 865 ausurus,

248 877 417 937 nimii
437 877 621 937 verbis
640 925 657 950 ,
681 876 882 959 linguae
905 877 1151 938 feroces:
1173 880 1355 939 nemo
1368 876 1534 948 scire,

252 970 313 1022 &
338 984 536 1020 omnes
564 961 861 1020 adfirmare
887 985 901 1018 τ.
933 961 1114 1021 donec
1147 962 1336 1044 inopia
1371 961 1487 1020 veri
1508 1006 1535 1034 ,.

252 1053 311 1105 ὃς
363 1042 633 1104 consensu
681 1044 991 1104 erranti-um
1037 1046 1212 1104 vietus
1242 1093 1259 1118 ‚
1303 1045 1544 1125 sumpto>

255 1129 482 1188 thorace
505 1175 523 1201 ,
563 1126 784 1201 Galba,
824 1128 1072 1188 inruenti
1098 1128 1301 1198 turbae,
1344 1148 1535 1209 neque

251 1231 411 1272 aetate
430 1259 447 1285 ,
487 1234 673 1293 neque
700 1234 931 1293 corpore
959 1210 1140 1272 fistens
1166 1260 1182 1285 ,
1219 1210 1350 1271 sella
1377 1210 1541 1272 leva-

251 1317 420 1356 retur.
466 1295 688 1355 Obvius
711 1343 728 1368 ‚
765 1296 825 1353 in
868 1295 1073 1379 palatio
1099 1295 1276 1360 Julius
1309 1295 1532 1355 Atticus

252 1378 561 1463 speculator
585 1426 602 1452 ,
623 1399 920 1438 cruentum
942 1379 1199 1461 gladium
1219 1380 1496 1439 ostentans
1513 1423 1542 1450 ‚1

250 1487 297 1520 τα
315 1462 561 1523 occisum
591 1486 622 1522 a
641 1461 695 1522 se
719 1463 1068 1523 Othonemm
1099 1462 1448 1523 exclamavit.
1465 1464 1538 1521 Et

253 1545 440 1606 Galba
467 1594 485 1620 ,
535 1574 568 1597 α
593 1546 942 1606 Commilito
963 1576 998 1601 2>
1019 1595 1035 1621 ,
1077 1549 1267 1629 inquit
1292 1594 1310 1620 ,
1356 1575 1389 1598 cc
1411 1545 1540 1627 quis-

252 1630 518 1713 aejuffitm?
558 1629 762 1714 infigni
807 1631 999 1690 animo
1045 1631 1116 1689 ad
1161 1629 1536 1691 coercendam

255 1714 565 1776 militarem
601 1713 892 1776 licentiam
916 1763 932 1788 ‚
970 1714 1315 1775 minantibus
1358 1715 1541 1774 intre-

255 1799 419 1883 pidus
445 1846 462 1872 ‚
503 1798 763 1859 adversus
786 1798 1142 1859 blandientes
1165 1799 1535 1880 incorruptus.

346 1884 632 1945 XXXVI.
667 1886 851 1943 HAUD
890 1882 1071 1942 dubiae
1107 1890 1223 1964 jam
1253 1883 1314 1941 in
1356 1881 1538 1942 castris

258 1967 523 2026 omnium
566 1988 785 2026 mentes
813 1991 830 2043 3
880 1965 1175 2047 tantusque
1221 1966 1386 2025 ardor
1410 2014 1427 2039 ‚
1477 1984 1540 2024 ut

257 2074 375 2111 non
399 2050 655 2109 contenti
679 2051 906 2132 agmine
929 2098 945 2122 ‚
985 2060 1042 2110 &
1073 2050 1395 2132 corporibus
1422 2096 1439 2121 ,
1478 2047 1538 2105 in

254 2133 510 2217 suggestu
525 2181 544 2207 ,
573 2135 638 2192 in
657 2157 771 2216 quo
793 2134 980 2217 paullo
1005 2135 1130 2192 ante
1162 2155 1326 2192 aurea
1345 2130 1538 2191 Galbae

256 2218 429 2277 statua
455 2214 637 2276 fuerat
660 2265 678 2290 ‚
709 2218 978 2277 ⁴medium
1004 2217 1151 2276 inter
1174 2215 1327 2298 signa
1350 2216 1544 2275 Otho*

258 2324 395 2362 nem
421 2300 637 2359 vexillis
666 2301 1095 2361 circumdarent.
1125 2301 1245 2360 Nec
1270 2299 1540 2371 tribuniS‚

257 2406 356 2445 aut
375 2385 795 2444 centurionibus
816 2434 832 2459 ,
855 2384 1104 2444 adeundi
1127 2383 1279 2442 locus
1306 2410 1320 2443 ι
1344 2406 1541 2467 grega-

263 2470 376 2529 tius
392 2466 556 2528 miles
583 2497 614 2520 ct
634 2469 861 2528 caveri»
887 2467 1107 2551 insuper
1131 2466 1534 2549 «praepofitos»

261 2551 511 2634 j'UBebat.
563 2555 815 2636 Strepere
847 2557 1046 2612 cuncta
1071 2551 1408 2611 clamoribus
1434 2596 1450 2622 ,
1487 2555 1545 2609 &c
