1670 2961
311 141 418 210 148
490 133 562 192 C.
607 131 1063 190 ConNELm
1113 131 1421 194 TAcrrr

90 235 451 307 §luere
476 258 487 290 :
520 231 700 292 donec
725 230 891 290 miffae
919 256 950 290 a
972 232 1141 290 Fabio
1169 232 1415 294 Valente
1456 234 1569 319 epi«
1611 262 1639 278 '-

90 326 143 367 A.
162 326 209 363 U·
233 324 267 363 C
298 318 461 390 stolae,
477 316 772 377 demerent
792 336 1029 375 metum.
1047 319 1115 375 Et
1132 338 1282 374 mors
1299 318 1569 395 OthoniS,

134 401 246 443 822.
297 403 412 484 quo
436 399 768 460 laudabilior
788 446 804 471 ‚
842 402 909 463 eb
934 398 1176 458 velocius
1203 400 1407 460 audita.

120 483 161 523 ³·
193 481 243 520 C·
384 486 509 546 LV.
559 483 649 542 Ar
701 485 898 542 Romae
943 483 1086 545 nihil
1136 483 1522 565 trepidationis
1554 483 1619 544 :³
1666 446 1670 563 l

149 559 227 605 ⁶9·
291 567 556 628 Cereales
591 564 711 623 ludi
744 588 810 624 ex
847 587 1006 623 more
1044 565 1445 647 specstabantur.
1485 572 1569 628 Ut
1664 566 1670 677 ¹

295 680 329 703 oc
348 646 547 709 ceffiffe
579 647 691 711 vita
719 649 1020 710 Othonem
1044 698 1060 723 ,
1101 658 1159 709 &
1189 673 1220 707 a
1249 650 1433 710 Flavio
1469 654 1567 711 Sa·-

280 735 466 793 mbino
495 783 512 807 ‚
559 730 817 815 praefeo'to
866 731 1038 791 Urbis
1064 780 1079 805 ‚
1127 733 1284 813 quod
1334 756 1451 793 erat
1501 737 1562 795 in
1629 808 1634 809 ⁷
1668 756 1670 762 ’

277 818 485 878 »Urbe
510 817 761 875 militum
786 814 1132 875 sacramento
1150 816 1373 876 Vitellii
1403 817 1562 878 adae·
1602 841 1611 850 ‘

278 923 523 974 natumn,
563 901 700 959 certi
730 904 977 958 auotores
1007 900 1065 957 in
1100 899 1383 959 theatrum
1411 922 1560 962 attu-

276 985 463 1046 lerunt
485 1031 502 1056 ,
540 982 779 1043 Vitellio
804 981 1049 1064 plausere
1074 1006 1085 1039 :
1118 982 1354 1065 populus
1375 1033 1391 1057 ‚
1426 1010 1557 1045 cum

274 1069 433 1127 lauru
458 1091 518 1126 ac
543 1066 801 1137 floribUS,
826 1065 1018 1124 Galbae
1039 1067 1313 1149 imagines
1341 1069 1554 1135 circum

274 1149 490 1234 templa
515 1150 675 1222 tulit,
705 1149 973 1232 congestis
998 1149 1056 1207 in
1082 1149 1321 1208 modum
1350 1153 1556 1213 tumuli

277 1236 498 1296 coronis
512 1284 528 1307 ‚
545 1241 696 1315 juxta
715 1233 900 1292 lacum
919 1234 1141 1305 Curtii,
1169 1256 1341 1313 quem
1362 1234 1552 1302 locum

274 1319 459 1379 Galba
512 1320 758 1378 moriens
807 1315 1072 1399 sanguine
1115 1316 1404 1379 infecerat.
1485 1323 1552 1381 In

271 1403 501 1479 senam,
545 1407 742 1461 cuneta
779 1400 961 1483 longis
995 1400 1236 1459 aliorum
1270 1403 1550 1486 principa-

272 1487 421 1546 tibus
445 1485 751 1568 composita
775 1486 957 1542 statim
990 1483 1383 1544 decernuntur.
1423 1489 1551 1546 Ad·
1584 1512 1587 1514 ·

272 1571 400 1631 ditae
425 1597 457 1621 cc
476 1592 605 1651 erga
626 1568 994 1628 Germanicos
1025 1568 1292 1627 exercitus
1317 1567 1508 1629 laudes
1525 1615 1544 1642 ,

267 1684 303 1710 aa
315 1652 602 1737 gratesque
617 1676 674 1709 22:
718 1661 774 1712 δε
799 1649 957 1709 missa
984 1649 1223 1733 legatio,
1256 1674 1375 1731 quae
1409 1676 1545 1734 gau-
1631 1689 1634 1695 Α

268 1739 366 1797 dio
408 1735 750 1819 fungeretur.
796 1735 1061 1794 Recitatae
1100 1733 1252 1792 Fabii
1286 1733 1543 1796 Valentis
1667 1788 1670 1798 .

265 1821 502 1904 epistolae
525 1868 540 1892 ,
564 1819 636 1878 ad
656 1818 904 1878 consules
926 1816 1132 1900 scriptae
1161 1817 1310 1875 haud
1332 1819 1542 1878 immo-

267 1906 493 1966 derate:
535 1903 741 1984 gratior
787 1902 1018 1961 Caecinae
1068 1901 1340 1960 modestia
1390 1901 1541 1978 fuit,
1572 1943 1603 1978 4„

263 1988 418 2072 quod
441 2011 556 2046 non
580 1983 879 2068 scripfiffet.

346 2074 502 2133 LVI.
553 2073 852 2129 CETERUM
899 2066 1054 2127 Italia
1100 2066 1316 2149 gravius
1367 2089 1537 2149 atque

262 2154 499 2222 atrocius
521 2203 537 2228 ‚
576 2154 748 2235 quam
778 2151 929 2211 bello
959 2150 1339 2209 adflicstabatur
1366 2176 1377 2208 :
1422 2151 1536 2210 dis-
1564 2160 1604 2233 ³

259 2236 398 2320 persi
424 2260 520 2319 per
547 2237 852 2318 municipia
874 2243 931 2294 &
953 2233 1197 2293 colonias
1215 2234 1532 2308 Vitelliani,
1563 2235 1588 2294 ,ξ

258 2319 491 2402 spoliare
519 2367 535 2391 ,
574 2337 763 2400 rapere
786 2367 802 2389 ,
843 2319 896 2376 vi
932 2325 987 2376 &
1025 2318 1213 2399 stupris
1246 2317 1528 2399 polluere:

256 2404 316 2463 in
343 2425 514 2462 omne
543 2400 623 2461 fas
646 2400 908 2482 nefasque
935 2400 1114 2471 avidi,
1144 2422 1237 2459 aut
1265 2402 1486 2461 venales
1509 2449 1528 2475 ‚
1553 2405 1594 2475 '0ss

260 2510 375 2546 non
399 2485 548 2545 sacro
577 2534 593 2558 ,
636 2509 751 2543 non
776 2482 1009 2566 profano
1036 2483 1398 2544 abstinebant.
1455 2487 1527 2544 Et
1554 2521 1584 2546 x

248 2567 411 2646 fuere
442 2617 459 2645 ‚
486 2570 584 2651 qui
616 2569 876 2635 inimicos
913 2567 1033 2629 suos
1063 2566 1239 2652 specie
1268 2567 1527 2631 militum·
1551 2583 1578 2634 ssf
