1659 2928
253 85 368 158 560
461 79 527 134 IN
569 74 1002 136 FRAGMENTUM
1050 46 1230 139 eru
1273 47 1414 141 XCI

820 602 861 656 I
892 601 964 655 N

238 735 950 852 FRAGMENTUM
1012 738 1275 811 LIBRI
1345 733 1517 810 XCI

397 893 784 974 TJTJ
892 883 1623 1027 LJVJL'J

240 1106 365 1197 FR
383 1163 421 1207 Α,
434 1164 518 1197 GM
533 1166 560 1198 E
578 1164 616 1197 N
632 1166 665 1197 T
680 1167 713 1198 υ
726 1167 785 1201 M.
799 1146 1028 1218 Egregios
1041 1150 1221 1199 labores
1241 1147 1411 1198 eruditi
1425 1148 1520 1201 viri

240 1214 505 1279 Benjamini
526 1215 776 1265 Kennicott
799 1215 847 1265 in
870 1216 1059 1266 edendis
1082 1215 1244 1265 Bibliis
1269 1215 1519 1266 Hebraicis

240 1281 545 1331 laudaveram
574 1281 622 1330 in
653 1283 807 1346 priore
831 1282 990 1332 Taciti
1019 1281 1222 1332 editione
1243 1280 1386 1331 Tom.
1407 1282 1480 1330 ΙΙΙ
1498 1319 1517 1345 ,

236 1363 352 1414 pag.
374 1354 430 1407 56
437 1365 483 1405 7.
497 1365 582 1397 nec
601 1362 700 1396 tum
717 1348 814 1414 spes
826 1348 914 1397 fuit
929 1366 1005 1398 eos
1022 1349 1070 1398 in
1084 1348 1303 1397 Romanae
1322 1347 1517 1397 historiae

235 1413 495 1465 utilitatem
517 1412 730 1464 cessuros,
772 1414 825 1462 Id
851 1429 1005 1464 tamen
1022 1414 1150 1464 felici
1167 1415 1407 1464 literarum
1422 1414 1516 1463 fato

235 1478 439 1545 contigit
455 1517 470 1540 ‚
502 1480 610 1528 cum
634 1479 715 1528 Cl.
735 1479 800 1531 V.
829 1480 998 1529 Paulus
1019 1480 1219 1535 jacobus
1242 1480 1389 1529 Bruns
1410 1478 1517 1531 Va-

236 1544 441 1593 ticanam
462 1545 801 1594 Bibliothecam
825 1563 942 1594 anno
968 1565 1108 1605 1772.
1131 1545 1370 1605 inviseret,
1398 1545 1520 1595 anti-

236 1626 355 1674 quos
377 1610 457 1674 qui
484 1611 549 1661 ibi
575 1611 870 1660 adservantur
897 1612 1029 1661 sacrae
1057 1612 1303 1676 Scripturae
1332 1610 1517 1661 codices

235 1676 510 1725 lustraturus
539 1713 552 1735 ‚
593 1691 642 1724 ut
675 1677 831 1725 studiis
871 1677 950 1726 Cl.
977 1677 1230 1726 Kennicott
1261 1675 1518 1729 inserviret.

238 1738 376 1790 Dum
401 1742 526 1790 enim
549 1760 624 1789 eos
648 1742 911 1791 recensebat
935 1780 950 1805 ,
985 1743 1059 1791 illi
1085 1743 1262 1792 oblatus
1285 1742 1348 1791 est
1367 1743 1519 1793 codex

235 1804 437 1856 ‘Latinus
456 1845 472 1868 ,
505 1808 761 1874 designatus
784 1808 834 1857 N
840 1807 875 1856 ⁰.
899 1827 976 1866 24.
997 1809 1043 1858 in
1068 1808 1357 1859 Bibliotheca
1376 1808 1516 1857 Pala-

235 1872 339 1921 tino
354 1903 375 1909 -
392 1873 621 1923 Vaticana*
636 1911 651 1933 ,
685 1875 763 1937 qui
786 1874 927 1922 libros
947 1874 1109 1923 Tobiae
1129 1912 1144 1936 ,
1176 1875 1285 1928 Jobi
1300 1880 1342 1923 δε
1356 1874 1517 1924 Esther

236 1940 652 2002 complectebatur.
677 1939 1024 1989 Animadvertit
1046 1941 1284 1990 Cl.Bruns
1304 1940 1516 1990 codicem

231 2004 378 2059 illum
411 2004 499 2052 effe
527 2023 585 2052 ex
617 2023 777 2054 eorum
808 2023 1002 2053 numero
1023 2045 1037 2067 ,
1073 2024 1184 2070 quos
1204 2045 1219 2067 ‚
1252 2020 1303 2054 ut
1330 2022 1514 2056 utamur

236 2069 551 2118 Ciceroniano
569 2073 713 2120 verbo
731 2072 778 2120 in
793 2071 1007 2137 Epistolis
1027 2073 1084 2119 ad
1100 2071 1370 2121 Familiares
1383 2072 1482 2123 VH
1497 2110 1513 2133 ,

233 2148 264 2185 ³:11
279 2140 303 2183 8
322 2173 338 2196 ,
355 2137 590 2199 appellare
605 2137 836 2200 possumus
852 2137 1163 2201 palimpsestos
1175 2176 1190 2200 ‚
1203 2138 1250 2186 id
1263 2138 1324 2186 est
1342 2141 1514 2188 iterum

234 2200 443 2264 striptOS.
486 2203 674 2265 Nempe
699 2203 980 2266 parfiznoniae
1005 2204 1139 2252 causa
1160 2241 1174 2263 ,
1209 2209 1251 2251 δε
1273 2204 1330 2250 ob
1356 2223 1512 2253 mem-

234 2267 483 2314 branarum
507 2268 744 2316 raritatem
767 2306 779 2327 ,
812 2270 1102 2332 antiquorum
1126 2269 1350 2317 librorum
1372 2270 1512 2334 scrip*-

235 2344 341 2382 tura
356 2333 542 2395 pumice
558 2334 796 2382 delebatur
807 2372 823 2396 ,
840 2333 1102 2398 extritisque
1119 2335 1211 2382 illis
1230 2337 1513 2386 membranis

237 2398 352 2447 novi
375 2398 483 2446 libri
505 2399 882 2449 inscribebantur.
909 2401 1050 2448 Porro
1071 2400 1176 2448 cum
1198 2400 1275 2448 Cl.
1290 2400 1436 2450 Bruns
1458 2402 1507 2451 in

236 2461 403 2512 Tobiae
418 2500 434 2525 ‚
457 2463 487 2516 J
492 2464 568 2513 obi
590 2471 631 2513 &
651 2465 779 2513 Estet·
799 2465 1007 2515 codicem
1031 2464 1283 2526 incidiffet‚
1307 2483 1509 2529 eumque

235 2529 537 2602 palimpsestis
562 2532 844 2584 membranis
872 2533 1074 2586 constare
1106 2531 1475 2601 deprehendi-sset
1487 2569 1514 2602 ι
