1714 2961
318 164 390 203 22
480 145 553 205 C;
598 143 1051 203 CORNELM
1097 143 1417 206 TAc1Tr

91 258 289 296 ΞΞΞ
315 241 460 302 sonis
503 267 675 302 manu
710 291 726 316 ‚
785 244 844 302 in
888 243 1035 303 hunc
1087 245 1328 304 modum
1372 245 1597 306 locutu&

95 316 219 360 ΑΨ
242 321 293 360 C·
317 324 492 387 fertur
534 352 547 386 ι
594 356 626 379 α
651 329 704 386 Si
753 347 808 387 te
852 329 1095 410 privatus
1124 376 1141 401 ,
1178 330 1302 411 lege
1339 330 1587 401 curiata,

142 387 246 440 8232.

121 461 166 501 Ξ.
205 462 256 503 C.

146 531 230 580 69·

316 411 507 496 »apud
536 412 828 495 pontifices
851 459 867 484 ,
906 434 964 471 ut
989 415 1160 470 moris
1196 415 1270 471 est
1293 461 1311 485 ,
1353 413 1586 494 adopta-

312 518 516 571 aorem3
560 506 615 555 δε
651 496 793 554 mihi
823 497 1111 578 egregium
1147 518 1262 554 erat
1286 499 1398 555 Cn.
1419 498 1585 553 Pom-

308 581 465 663 :npeii
507 588 564 639 δέ
603 581 692 638 Μ.
735 580 909 637 Crasti
955 577 1209 638 subolem
1255 580 1314 637 in
1357 599 1587 662 penates

305 685 509 722 aomeos
543 660 838 721 adsciscere
872 687 888 740 3
930 671 990 722 ὃς
1026 662 1129 720 tibi
1165 661 1375 744 insigne
1399 709 1416 733 ,
1461 661 1584 720 Sul-

301 747 502 829 mpiciae
533 769 593 804 ac
623 746 856 805 Lutatiae
895 746 1098 804 decora
1119 793 1135 818 ‚
1175 745 1456 804 nobilitati
1480 765 1586 803 tuce

301 827 623 911 „adjecisse
672 831 838 889 Nunc
883 853 976 888 me
1023 877 1040 902 ‚
1095 829 1333 888 deorum
1396 827 1584 886 homi-

299 936 600 994 :unumque
646 911 912 972 consensu
953 913 1025 971 ad
1070 913 1374 995 imperium
1416 934 1585 970 voca-

300 1019 512 1068 zetum,
563 996 816 1078 praeclara
865 996 1084 1055 indoles
1130 1018 1223 1054 tua
1258 1044 1274 1069 ‚
1321 1004 1379 1056 δε
1421 1017 1583 1055 amor

299 1081 532 1163 „patriae
571 1078 799 1160 impulit
836 1125 853 1150 ‚
919 1100 981 1137 ut
1036 1081 1456 1162 principatum,
1509 1078 1582 1139 de

302 1187 462 1245 mquo
510 1170 750 1243 majores
807 1162 978 1220 nostri
1033 1164 1201 1220 armis
1244 1163 1531 1222 certabant
1563 1209 1582 1235 ,

299 1246 498 1307 :obello
565 1247 797 1328 adeptus
842 1293 858 1317 ‚
936 1244 1244 1326 quiescenti
1299 1245 1534 1305 offeram
1561 1293 1581 1319 ,

297 1329 606 1411 :nexemplo
652 1330 769 1388 divi
807 1329 1041 1412 Augusti
1073 1377 1090 1402 ‚
1137 1331 1235 1411 qui
1271 1328 1468 1388 sororis
1515 1329 1584 1387 fi·-

298 1415 485 1482 :olium
510 1413 854 1473 Marcellum
877 1460 894 1484 ‚
923 1413 1056 1472 dein
1079 1436 1351 1496 generum
1378 1413 1582 1496 Agrip-

297 1526 334 1552 ,ο
346 1523 473 1581 pam
498 1545 514 1569 ‚
553 1521 685 1555 mox
718 1517 950 1579 nepotes
979 1495 1099 1555 suos
1119 1545 1136 1570 ,
1170 1500 1449 1581 postremo
1473 1499 1581 1556 Ti-

297 1584 566 1642 mberium
591 1582 882 1640 Neronem
909 1630 924 1653 ,
955 1583 1278 1664 privignum
1299 1630 1315 1654 ‚
1346 1583 1405 1640 in
1447 1603 1581 1663 pro-
1623 1611 1627 1613 -

296 1668 498 1725 aoximo
541 1663 642 1722 fibi
690 1662 908 1747 fastigio
951 1665 1261 1725 collocavit.
1300 1666 1410 1725 Sed
1459 1663 1582 1723 Au-

297 1753 523 1834 aogustus
557 1749 615 1806 in
666 1747 841 1807 domo
885 1746 1246 1809 successorem
1287 1747 1580 1831 quaefivit3

296 1857 452 1917 :nego
484 1882 501 1906 ‚
543 1833 603 1890 in
640 1831 926 1914 republica
951 1857 962 1889 ε
992 1856 1107 1890 non
1129 1881 1145 1905 ‚
1175 1834 1307 1914 quia
1348 1833 1580 1916 propin-

296 1946 331 1974 ο)
343 1941 481 1999 quos
505 1964 521 1988 ‚
552 1937 645 1974 aut
672 1914 846 1973 socios
871 1915 1005 1973 belli
1028 1939 1143 1974 non
1174 1916 1413 1976 habeam
1440 1940 1452 1972 2
1479 1914 1578 1976 sed

296 2023 527 2081 „neque
568 1998 681 2080 ipse
720 1999 1025 2080 imperium
1064 1999 1376 2059 ambitione
1422 2021 1581 2058 acce-

296 2085 439 2167 aepi,
476 2092 534 2143 &
571 2082 764 2162 judicii
808 2083 923 2140 mei
971 2082 1379 2142 documentum
1427 2080 1578 2155 fint,

297 2191 459 2226 aanon
501 2189 637 2224 meae
670 2163 892 2224 tantum
928 2166 1350 2225 necessitudines
1374 2215 1391 2238 ,
1439 2188 1577 2246 quas

295 2251 447 2313 aotibi
474 2247 748 2332 postposui
766 2296 783 2324 ,
817 2247 913 2308 sed
939 2257 995 2308 ὃς
1019 2270 1138 2309 tuce.
1160 2251 1246 2308 Est
1272 2250 1374 2310 tibi
1403 2246 1576 2308 frater

297 2335 460 2418 sopari
510 2331 806 2391 nobilitate
844 2380 860 2403 ‚
908 2354 1043 2391 natu
1087 2341 1266 2414 major
1294 2382 1310 2406 ,
1373 2333 1578 2414 dignus

294 2448 329 2472 ω
343 2420 445 2477 hac
468 2415 724 2487 fortuna,
751 2414 849 2473 nisi
879 2435 937 2474 tu
963 2417 1147 2499 potior
1171 2415 1321 2476 esses,
1347 2419 1423 2475 Ea
1448 2437 1575 2475 aetas

297 2523 474 2574 mtua,
518 2523 640 2581 quae
680 2500 1009 2583 cupiditates
1045 2499 1425 2559 adolescentiae
1455 2505 1605 2578 jam*

293 2583 647 2666 ”effugerim
687 2606 752 2647 ea
794 2584 948 2659 vita,
1005 2584 1068 2644 in
1118 2582 1229 2671 qua
1259 2582 1400 2644 nihil
1437 2604 1583 2666 pan,
