1670 2961
295 163 896 209 urs-romARvM
949 144 1214 204 an.1.
1323 148 1402 203 81'·

124 249 355 310 festatio
400 248 602 330 quietis
629 289 653 315 ,
711 246 771 304 in
817 243 1128 305 tumultum
1164 243 1618 306 evaluitz====

123 343 183 395 δε
222 333 335 393 visa
366 334 510 391 inter
561 327 902 388 temulentos
939 349 1129 399 arma,
1184 329 1398 411 cupidi·
1422 326 1617 375 A.u.c,

123 440 260 477 nem
302 413 383 475 sui
422 413 669 472 movere.
709 411 916 471 Fremit
958 409 1119 468 miles
1140 453 1166 480 ,
1209 421 1267 471 &
1298 415 1398 472 tri-
1469 397 1579 442 8²²⁸

124 501 307 559 bunos
345 493 809 577 centurionesque
842 493 1223 577 ccproditionis
1245 524 1279 548 σο
1311 519 1400 555 ar-
1466 472 1577 592 δόξ’

126 583 246 666 guit
268 624 292 650 ,
343 610 377 633 <c
405 602 697 660 tamquam
729 577 955 638 familiae
978 575 1299 638 senatorum
1330 580 1404 639 ad
1541 571 1561 593 ⁴

125 696 161 721 ω
173 664 480 748 perniciem
507 663 756 722 Othonis
789 682 1136 720 armarentur
1158 691 1191 715 ω
1231 687 1243 720 t
1284 686 1406 745 pars

129 749 312 832 ignari
345 795 363 821 ‚
411 756 468 808 &
503 747 635 805 vino
673 766 864 827 graves
908 769 920 801 ε
969 744 1226 827 peffimus
1264 745 1411 827 quis-

131 854 241 914 que
281 831 342 888 in
377 825 726 891 occafionem
766 826 1113 910 praedarum:
1162 828 1359 912 vulgus
1389 878 1409 903 ,

131 935 193 975 ut
249 935 372 972 mos
422 914 497 973 est
538 960 554 984 ,
599 910 996 993 cujuscumque
1036 911 1224 972 motfis
1274 915 1412 973 novi

133 996 403 1080 cupidum
433 1022 445 1055 z
477 1005 534 1057 δέ
556 994 824 1076 obsequia
853 996 1159 1056 meliorum
1177 1019 1289 1056 nox
1319 998 1417 1057 ab-

133 1081 372 1142 stulerat.
396 1079 764 1141 Refistentem
787 1078 1052 1140 seditioni
1086 1080 1376 1140 tribunum
1395 1128 1415 1154 ,

136 1174 194 1227 &
217 1163 580 1226 severissimos
611 1164 1006 1223 centurionum
1038 1162 1415 1223 obtruncant:

137 1271 290 1332 rapta
341 1270 495 1308 arnia
522 1294 539 1320 ‚
591 1247 788 1306 nudati
842 1245 1060 1328 gladii,
1114 1246 1420 1309 insidentes

140 1334 296 1414 equis
319 1332 544 1391 Urbem
571 1354 632 1390 ac
663 1329 934 1413 palatium
962 1351 1179 1413 petunt.

231 1417 504 1475 LXXXI.
537 1417 708 1474 ERAT
749 1414 975 1474 Othoni
1019 1413 1241 1474 celebre
1286 1436 1422 1482 con-

138 1499 353 1560 vivium
369 1547 385 1574 ‚
408 1498 748 1582 primoribus
768 1496 999 1559 feminis
1019 1497 1296 1581 virisque3
1321 1498 1425 1579 qui

146 1584 351 1667 trepidi
386 1631 402 1656 ‚
451 1581 784 1644 fortuitusne
831 1582 1082 1643 militum
1121 1581 1276 1644 furor
1289 1625 1315 1652 ,
1350 1606 1425 1642 an

145 1668 307 1727 dolus
354 1667 716 1751 Imperatoris
757 1714 773 1739 ‚
830 1690 1059 1729 manere
1109 1691 1171 1728 ac
1221 1665 1430 1749 depre-

142 1752 359 1824 hendi,
400 1776 471 1811 an
502 1749 697 1834 fugere
742 1759 799 1811 &
824 1750 1106 1836 dispergi,
1155 1749 1430 1834 periculo-

147 1834 252 1895 sius
294 1833 480 1913 foret3
510 1835 687 1894 modo
729 1837 1097 1895 constantiam
1127 1833 1385 1894 simulare
1410 1879 1431 1907 ,

150 1917 330 1978 modo
359 1916 671 1977 formidine
709 1917 901 2001 detegi
932 1967 948 1991 ‚
988 1917 1151 1978 fimul
1179 1916 1435 1978 Othonis

153 2001 376 2061 vultum
410 2002 652 2063 intueri:
686 2023 859 2082 utque
888 2004 1116 2075 evenit,
1153 2000 1438 2060 inclinatis

152 2084 225 2145 ad
250 2083 630 2168 ‘suspicionem
660 2086 946 2145 mentibus
974 2134 992 2158 ,
1047 2085 1179 2146 cum
1207 2084 1438 2145 timeret

159 2169 321 2228 Otho
353 2216 370 2242 ‚
432 2169 753 2229 timebatur.
798 2170 908 2229 Sed
947 2170 1100 2230 haud
1132 2168 1286 2230 secus
1330 2165 1443 2228 dis-

160 2252 397 2311 crimine
428 2251 645 2313 senatfis
671 2301 689 2326 ‚
735 2254 907 2334 qudm
940 2251 1037 2314 suo
1080 2255 1301 2314 territus
1327 2301 1344 2325 ,
1386 2260 1445 2311 &

159 2333 447 2418 praefectos
477 2336 719 2420 praetorii
743 2382 767 2408 ,
816 2337 888 2396 ad
916 2337 1258 2422 mitigandas
1286 2334 1444 2396 mili-

165 2440 291 2477 tum
327 2419 430 2477 iras
468 2466 484 2491 ‚
529 2421 712 2479 statim
768 2420 994 2481 miserat
1027 2470 1044 2495 ‚
1104 2431 1161 2482 δε
1216 2448 1249 2472 oe
1292 2417 1447 2478 abire

165 2503 444 2584 „propere
482 2525 680 2563 omnes
704 2526 733 2562 e
757 2506 1017 2565 convivio
1034 2535 1067 2559 ιο
1104 2503 1263 2586 juffit.
1288 2503 1448 2562 Tum

164 2586 298 2646 vero
320 2583 512 2669 paffirn
555 2587 920 2668 magistratus
966 2637 985 2663 ,
1052 2585 1316 2672 projeetis
1358 2586 1451 2645 in·-

1140 2672 1271 2732 Dv
