1714 2961
322 119 390 172 18
509 113 1075 175 Geminum
1117 110 1425 180 T'Ac111

99 222 291 262 ’ἔτ-Ξ
314 211 589 294 subjectos
617 263 634 287 ‚
673 215 822 298 apud
859 217 1180 298 proxi1n03‚
1224 220 1371 303 apud
1412 218 1586 282 colle-

94 284 149 329 Α·
171 287 220 326 U·
241 288 292 327 C.
316 320 408 379 gas
433 345 450 369 ,
488 301 650 357 variis
688 298 982 360 inlecebris
1019 323 1216 383 potens
1247 328 1258 361 :
1296 312 1353 363 &
1385 306 1472 362 cui
1499 327 1587 364 ex-

138 360 250 475 ξῃὲ
315 382 555 463 peditius
591 382 759 442 fuerit
793 384 1009 443 tradere
1040 387 1342 468 imperium
1364 435 1380 458 ,
1420 387 1590 468 ςυὰιὴ

156 462 260 557 ὲ9.’
313 465 587 526 obtinere.
628 467 852 526 Bellum
877 469 907 529 J
916 468 1176 526 udaicum
1211 471 1420 528 Flavius
1455 469 1591 531 Ves-

311 548 560 632 pafianus
600 550 845 626 (ducem
891 574 1022 609 eum
1062 554 1215 611 Nero
1259 554 1586 635 delegerat)

310 633 485 692 tribus
509 633 825 716 legionibus
848 634 1283 696 administrabat.
1313 639 1431 695 Nec
1454 636 1591 697 Ves-

305 716 528 799 pafiano
555 718 810 778 adversus
832 719 1075 778 Galbam
1100 741 1296 779 votum
1315 769 1331 793 ,
1358 741 1450 779 aut
1475 721 1590 779 ani·

307 824 450 860 mus.
499 803 726 885 Quippe
753 804 956 861 Titum
992 804 1171 863 filium
1205 853 1221 877 ‚
1257 805 1330 863 ad
1362 826 1589 864 venera-

306 885 526 944 tionem
568 888 896 968 cultumque
931 895 1046 968 ejus
1080 887 1301 947 miserat
1324 936 1340 960 ‚
1388 909 1449 947 ut
1489 887 1589 947 suo

298 967 435 1028 Joco
485 971 947 1029 memorabimus·
1009 971 1252 1031 Occultd
1284 971 1406 1054 lege
1438 970 1539 1030 fati
1567 1017 1588 1043 ,

304 1059 364 1112 δέ
393 1053 648 1125 ostentis,
675 1077 734 1111 ac
761 1051 1026 1135 responsis
1044 1102 1061 1126 ‚
1088 1055 1425 1114 destinatum
1450 1052 1589 1116 Ves-

304 1133 528 1218 pasiano
571 1125 870 1216 liberisque
917 1142 1032 1217 ejus
1069 1136 1375 1220 imperium
1404 1185 1422 1210 ,
1470 1138 1612 1221 post*

300 1216 596 1281 fortunam
633 1219 1015 1282 credidimus..

387 1303 490 1361 XI.
509 1305 830 1363 AEGYPTUM
857 1300 1150 1386 copiasque
1168 1349 1184 1374 ,
1210 1302 1413 1384 quibus
1436 1324 1588 1364 coer-

302 1406 544 1458 ceretur,
566 1394 678 1468 jam
703 1385 836 1445 inde
858 1411 889 1446 a
908 1388 1042 1446 divo
1061 1385 1312 1468 Augusto
1330 1433 1347 1458 ,
1369 1387 1590 1468 equites

301 1469 553 1529 Romani
579 1470 842 1528 obtinent
863 1517 879 1542 ‚
908 1469 1033 1529 loco
1056 1491 1274 1551 regum.
1298 1472 1385 1529 Ita
1405 1468 1590 1536 visum

299 1553 607 1636 expedire,
653 1553 1001 1637 provinciam
1045 1553 1201 1611 aditu
1248 1550 1539 1613 difficilem
1565 1600 1588 1626 ‚.

299 1659 536 1696 annona:
562 1634 868 1697 fecundam
890 1685 906 1710 ‚
937 1637 1319 1720 superstitione
1342 1685 1360 1709 ,
1392 1661 1452 1695 ac
1480 1635 1586 1696 las-

301 1719 446 1781 civi&
500 1719 818 1782 discordem
868 1730 925 1782 δε
975 1720 1251 1780 mobilem
1281 1769 1298 1794 ,
1350 1719 1586 1783 insciam

299 1802 495 1888 legum
516 1854 533 1879 ,
569 1806 824 1888 ignaram
860 1806 1280 1888 magistratuum
1312 1803 1472 1862 domi
1501 1828 1587 1866 re·

302 1889 500 1948 tinere.
546 1890 807 1973 Regebat-
831 1911 953 1949 tum
977 1888 1241 1947 Tiberius
1262 1887 1584 1948 Alexander

300 1971 553 2053 ejusdem
578 1974 839 2032 nationis·
890 1970 1082 2031 Africa
1105 2019 1122 2044 ‚
1164 1997 1225 2032 ac
1248 1971 1498 2054 legiones
1521 1973 1583 2033 in

299 2055 399 2128 ea,
439 2054 740 2116 interfecto
776 2055 991 2116 Clodio
1023 2057 1265 2128 Macro,
1305 2075 1583 2115 contentae

299 2137 701 2220 qualicumque
733 2140 988 2222 Principe
1013 2187 1029 2211 ‚
1071 2140 1188 2221 post
1228 2139 1583 2220 experimen-
1646 2200 1647 2204 ,

300 2242 428 2281 tum
451 2222 673 2282 domini
705 2225 955 2283 minoriS.
1005 2224 1148 2281 Duae
1173 2223 1542 2282 Maureta-nice
1561 2270 1588 2297 ,v

96 2343 132 2370 ιν
299 2306 478 2366 Raetia
495 2353 512 2378 ,
558 2307 835 2367 Noricum
862 2356 878 2380 ‚
908 2306 1153 2365 Thracia
1172 2353 1190 2378 ,
1229 2314 1286 2365 &
1313 2328 1432 2386 quae
1462 2306 1580 2365 aliae

298 2391 747 2473 procuratoribus
807 2390 1142 2451 cohibentur
1176 2436 1193 2460 ‚
1260 2410 1322 2447 ut
1379 2390 1582 2469 cuique

299 2476 568 2534 exercitui
613 2475 805 2535 vicinae
841 2523 858 2548 ,
914 2475 991 2533 ita
1037 2474 1096 2532 in
1142 2470 1395 2532 favorem
1423 2518 1439 2543 ,
1484 2493 1581 2534 aut

300 2556 501 2622 odium
517 2605 535 2632 ‚
565 2563 826 2620 con-tastu
848 2557 1231 2620 valen-tiorum
1252 2554 1579 2638 agebantur.
