1659 2928
271 103 822 149 msroRtAin
876 88 1119 147 Noa-243.
1235 103 1354 165 529·

74 184 252 237 ‘militiae
282 187 494 256 gradibus
511 224 524 246 ‚
556 186 616 235 ad
638 202 754 252 quos
777 186 1046 252 proconsul,
1084 186 1313 254 legatusve
1335 225 1353 248 ,

81 255 434 319 promovebant.
455 249 637 301 Divisus
655 253 718 299 est
736 257 779 298 ὅ(
800 270 999 318 aequatus
1021 253 1351 302 beneficiorum

80 321 269 369 illorum
299 335 512 367 numerus
542 320 658 364 inter
684 316 1006 379 proconsulem
1035 326 1078 367 &
1109 321 1311 393 legatum
1339 337 1356 380 3

85 392 133 433 &
165 386 314 432 mixtis
348 380 577 448 utriusque
605 380 830 428 mandatis
849 419 861 440 ,
895 384 1074 449 quccfita
1099 385 1320 432 discordia
1340 423 1355 447 ‚

84 452 311 517 aufiaque
339 465 482 516 pravo
515 447 777 494 certamine.
814 446 896 499 Jus
923 463 1074 496 tamen
1095 451 1356 514 legatorum

85 517 290 565 adolevit
310 553 323 575 ,
352 515 425 562 vel
449 515 557 580 quia
582 510 834 560 minoribus
856 516 1006 575 major
1029 516 1091 568 est
1113 516 1360 564 aemulandi

87 600 198 631 cura
218 620 230 640 ,
259 581 331 628 vel
363 581 462 645 ipsa
498 578 788 625 diuturnitate
830 579 987 628 officii.
1030 580 1198 647 Legati
1232 583 1361 628 enim

88 666 174 715 per
192 647 342 711 plures
361 662 508 693 annos
528 643 798 709 dignitatem
825 645 1091 696 obtinebant
1114 667 1126 693 :
1149 664 1365 712 procon-

92 713 205 762 sules
229 711 339 760 vero
363 710 477 776 saepe
498 711 637 758 annui
658 727 672 769 3
708 715 751 756 &
773 707 1145 773 splendidiffinius
1171 711 1365 779 quisque

76 779 314 829 ,securitati
335 794 481 843 magis
501 815 513 836 ,
543 773 682 841 quam
703 779 918 839 potentiae
939 777 1249 826 consulebant.
1286 779 1366 825 De

93 843 335 894 Beneficiis
366 859 516 891 autem
547 848 590 888 &
611 839 918 889 Beneficiariis
945 845 1078 907 plura
1107 842 1284 891 disserui
1314 848 1365 891 in

96 913 252 978 priore
264 909 416 959 Taciti
436 907 659 966 editione,
681 905 824 954 Tom.
844 908 944 970 ΙΙΙ,
959 927 1071 976 pag.
1094 926 1184 970 509
1209 915 1253 955 ὃς
1269 907 1367 974 seq.

164 1041 242 1091 CA
249 1057 291 1090 Ρ.
304 1039 489 1089 XLIX.
500 1039 763 1106 Legionem.
775 1037 982 1087 Tertiam
995 1038 1122 1089 fuisse
1134 1040 1372 1108 legionem

98 1107 197 1158 'dixi
215 1106 347 1173 supra
364 1106 422 1155 ad
446 1106 564 1155 Hist.
583 1106 627 1153 II
646 1144 659 1165 ,
686 1111 730 1152 6.

170 1172 275 1223 Alae
292 1172 510 1223 Petrinae.
530 1173 606 1220 De
625 1170 716 1237 qua
734 1171 828 1232 jam
847 1169 1018 1220 difium
1031 1172 1204 1221 Annal.
1222 1170 1308 1231 XI,
1327 1190 1373 1231 4.

168 1238 493 1290 Galerianum.
526 1237 832 1303 Calpurnium
869 1236 1170 1289 Galerianum
1188 1258 1204 1302 3
1245 1240 1374 1302 cujus

107 1304 280 1355 caedem
309 1305 502 1352 vidimus
532 1302 663 1369 supra
690 1303 811 1368 Cap.
839 1321 912 1351 11.

176 1369 427 1437 Quaesttum
450 1368 543 1435 fibi
589 1369 773 1419 crimen.
814 1368 1063 1433 Quaesitum
1109 1369 1187 1418 fibi
1223 1374 1373 1419 rerum

109 1455 336 1485 novarum
360 1438 533 1485 crimen
551 1473 563 1494 ‚
591 1436 845 1501 justamque
868 1436 997 1484 caedis
1019 1435 1212 1483 causam.
1248 1433 1381 1482 Exis-

111 1505 350 1551 timaverat
373 1504 577 1550 centurio
598 1498 808 1548 Pisonem
824 1539 837 1560 ‚
855 1502 1137 1566 principatus
1167 1499 1351 1550 avidum
1365 1537 1381 1558 ‚

113 1571 215 1617 laeta
251 1571 411 1616 omnia
445 1567 563 1615 ultro
598 1567 892 1631 excepturum
917 1605 930 1628 ‚
974 1574 1264 1635 mortemque
1295 1565 1385 1621 hac

114 1634 366 1683 rebellione
396 1632 716 1682 arceffiturum.

182 1698 337 1750 Clodii
366 1698 542 1749 Macri.
576 1698 654 1746 De
677 1716 771 1765 quo
794 1696 926 1764 supra
948 1699 1070 1747 Hist.
1091 1700 1113 1747 1
1127 1738 1141 1760 ‚
1167 1717 1214 1757 7.

185 1834 312 1884 CAP.
337 1830 397 1880 L.
436 1828 746 1896 Consternatio
778 1828 920 1896 vulgi.
956 1829 1073 1877 Haec
1102 1848 1162 1878 ne
1191 1833 1392 1896 accipias

120 1899 178 1948 de
204 1915 376 1963 pavore
401 1936 414 1958 ,
450 1894 524 1944 sed
563 1896 619 1943 de
652 1895 870 1945 concursu
903 1903 948 1946 &
984 1898 1388 1945 acclamationibus

123 1966 278 2030 vulgi,
296 1962 506 2012 Pisonem
527 1961 790 2027 Principem
809 1961 1050 2011 salutantis.
1068 1961 1244 2010 Eodem
1265 1961 1393 2022 sensu

125 2030 339 2081 Valerius
358 2029 586 2077 Maximus
597 2027 714 2079 VIII
729 2068 740 2089 ,
757 2048 789 2086 9
806 2068 820 2090 ,
839 2046 966 2076 num.
994 2045 1010 2076 1
1032 2068 1045 2089 ,
1065 2029 1201 2078 dixit:
1227 2028 1396 2080 Verbis

125 2112 232 2159 ergo
256 2093 483 2159 facundis
509 2094 579 2144 ira
598 2134 615 2158 ,
653 2094 946 2162 consternatio
964 2134 980 2158 ‚
1015 2098 1064 2148 G·
1094 2110 1225 2147 arma
1257 2095 1398 2163 cqffe-

129 2173 256 2210 runt.

193 2223 376 2284 Saepius
429 2223 673 2274 rediturus.
715 2225 1001 2278 Memoratur
1043 2227 1161 2278 infra
1201 2231 1248 2279 in
1285 2227 1396 2281 Vita

126 2291 297 2358 'Agric.
331 2288 453 2354 Cap.
486 2305 566 2349 45.
606 2289 709 2339 Nos
741 2310 834 2358 quo
873 2313 930 2344 ue
957 2297 1310 2344 memoravimus
1348 2296 1397 2347 in

132 2353 412 2421 Appendice
429 2353 779 2423 Chronologica
805 2313 868 2409 accil
883 2379 1028 2410 annos
1043 2361 1186 2409 Urbis
1205 2359 1398 2411 conditae

136 2435 401 2476 ncccxtw
431 2425 475 2466 &
501 2438 806 2472 ncccxrvn.

200 2485 462 2537 Adrumeto.
496 2486 627 2536 Urbe
651 2487 818 2547 Africae
837 2527 852 2552 ,
889 2489 947 2539 de
979 2488 1068 2557 qua
1094 2490 1191 2552 jam
1226 2489 1398 2539 dietum

82 2564 86 2565 ⁷
143 2551 278 2620 supra
304 2549 474 2598 Annal.
500 2550 606 2612 XI,
636 2571 714 2602 21.

273 2613 568 2670 ‘Tom.IV.
628 2626 631 2628 ’
1203 2619 1251 2672 Ζ
1320 2614 1326 2616 ’
