1637 2928
261 141 809 183 HISTORIARUM
859 120 1149 179 L1B.111.
1241 141 1349 199 203

83 219 192 281 tius
207 270 223 295 ‚
249 224 420 303 quam
444 221 594 282 civili
612 220 765 279 bello
787 268 804 292 ‚
827 221 1186 303 imperitabat
1203 269 1218 293 ,
1242 220 1365 281 sub·
1381 245 1585 284 -ΞΞ-ΞΞ·

86 311 288 365 tractus
336 307 585 365 militurn
640 305 731 361 irae
763 350 779 374 ,
830 303 902 360 ad
959 304 1358 385 Vespasianum
1384 305 1431 345 Α·
1452 308 1502 345 ¹¹⁷·
1521 306 1574 347 C.

32 405 34 407 ’
84 388 274 448 missus
303 392 392 449 est.
435 386 765 446 Desiderata
793 384 890 443 diu
913 408 996 443 res
1026 433 1043 458 ,
1081 389 1355 470 interpte-
1424 382 1536 422 ⁸²²·

83 474 295 532 tatione
320 471 507 555 gloriae
531 520 547 545 ,
584 471 644 529 in
673 475 850 550 majus
876 470 1142 552 accipitur
1164 518 1180 543 ,
1218 475 1357 553 post-
1416 460 1453 498 J·
1493 461 1543 499 C·

80 577 252 636 quam
282 583 314 606 cc
335 554 528 614 Galbae
557 554 830 636 imagines
852 600 868 625 ,
906 552 1182 613 discordia
1208 576 1358 614 tem-
1445 536 1524 583 ⁶9·

77 653 325 720 soporum
345 636 623 700 subversas
638 686 654 709 ,
676 640 736 695 in
758 637 1022 696 omnibus
1042 639 1361 720 municipiis

76 723 346 781 mrecolin
385 721 526 804 juffit
563 721 843 780 Antonius
882 743 894 776 :
944 720 1213 779 decorum
1257 745 1360 805 pro

81 805 239 865 causa
259 827 404 865 ratus
422 853 438 877 ,
460 803 498 861 fi
529 803 745 886 placete
770 800 962 861 Galbae
986 804 1322 886 principatus
1338 854 1357 880 ‚

80 897 137 947 &
161 910 341 970 partes
368 885 698 947 revirescere
733 885 1110 946 crederentur.

169 973 322 1031 VIII.
362 974 530 1047 QUAE
555 995 576 1029 s
596 995 612 1028 1
632 995 665 1029 T
686 993 722 1028 U
744 993 791 1029 M
833 970 966 1030 inde
999 994 1167 1053 ecquae
1200 970 1359 1032 sedes

73 1053 271 1113 mbello
308 1055 588 1137 legeretur
605 1085 638 1108 ο)
660 1058 695 1132 ἒ,
720 1055 953 1115 Verona
990 1056 1176 1137 potior
1207 1055 1318 1114 visa
1337 1104 1358 1130 ‚

82 1162 115 1188 tt
133 1139 454 1221 patentibus
495 1138 706 1197 circum
745 1139 955 1221 campis
995 1139 1065 1197 ad
1109 1161 1360 1221 pugnam

72 1224 508 1303 sequestrem»,
545 1222 655 1303 qua
693 1222 1104 1303 praevalebant:
1144 1222 1357 1282 oefimul

70 1305 401 1365 nocoloniam
426 1307 600 1388 copiis
625 1305 871 1365 validam
887 1355 903 1379 ‚
937 1304 1152 1365 auferre
1170 1306 1356 1368 Vitel-

70 1387 194 1446 :alio
211 1437 228 1463 ‚
250 1390 312 1448 in
333 1412 454 1449 rem
479 1389 808 1471 famamque
824 1420 857 1443 ο)
881 1390 1195 1450 videbatur.
1220 1389 1357 1449 Pos-

72 1470 206 1532 seffa
240 1472 358 1558 ipso
403 1472 633 1533 tranfitu
665 1474 927 1534 Vicetia:
965 1474 1117 1555 quod
1161 1496 1260 1556 per
1298 1473 1357 1535 se

66 1569 266 1641 parum
307 1561 324 1637 (
345 1558 558 1618 etenim
587 1557 824 1618 modicae
844 1558 1156 1640 municipio
1176 1559 1353 1637 vires)

67 1643 263 1724 magni
305 1643 591 1703 momenti
628 1641 820 1702 locum
862 1642 1149 1713 obtinuit,
1186 1665 1354 1725 repu-

64 1726 310 1786 tantibus
343 1725 506 1785 oeillic
533 1727 823 1786 Caecinam
848 1727 1106 1810 genitum
1129 1772 1146 1797 ‚
1172 1734 1227 1785 &
1254 1740 1368 1809 pa«

66 1808 279 1867 nortiam
309 1809 552 1870 hostium
583 1810 714 1870 duci
743 1832 1066 1894 ereptamao.
1133 1810 1201 1866 In
1228 1811 1354 1870 Ve-

63 1892 388 1953 ronenfibus
411 1895 658 1977 pretium
680 1892 821 1972 fuit3
846 1892 1108 1975 exemplo
1130 1892 1355 1976 opibus-

62 1998 174 2057 que
199 2024 216 2049 ,
259 2000 441 2059 partes
487 1985 694 2059 juvere.
742 1981 810 2038 Et
836 1979 1156 2060 interjectus
1194 2001 1353 2038 exer-

63 2060 204 2119 citus
219 2062 459 2120 Raetiam
477 2063 510 2125 J
515 2061 761 2144 uliasque
782 2062 954 2145 Alpes
970 2111 986 2134 ‚
1003 2085 1074 2121 ne
1094 2063 1352 2144 pervium

59 2142 156 2201 issa
187 2146 543 2204 Germanicis
575 2146 907 2206 exercitibus
932 2144 1081 2206 foret
1102 2192 1119 2217 ,
1150 2145 1353 2230 obsep-

58 2224 198 2287 serat
219 2252 231 2285 ε
255 2252 374 2310 quae
399 2231 593 2313 ignara
617 2229 958 2314 Vespasiano
979 2279 995 2303 ‚
1026 2251 1121 2289 aut
1143 2232 1346 2292 vetita:

62 2311 268 2393 q'uippe
301 2341 334 2364 ct
350 2312 627 2395 Aquileiae
652 2314 754 2374 [isti
779 2314 996 2374 bellum
1016 2363 1032 2387 ,
1073 2313 1348 2397 exspecta-

61 2394 267 2476 mrique
292 2397 631 2458 Mucianum
650 2430 682 2453 ω
714 2399 945 2481 jubebat
968 2424 983 2475 3
1014 2398 1345 2479 adjiciebat-

59 2485 168 2558 q'ue
199 2479 441 2560 imperio
470 2481 764 2541 confilium
790 2532 806 2556 ,
839 2512 871 2535 oc
891 2482 1118 2563 quando
1142 2483 1344 2566 AEgyp-

58 2582 189 2624 sotus
212 2610 232 2639 ,
272 2563 501 2626 claustra
543 2589 776 2627 annonae
803 2614 820 2643 ,
865 2564 1159 2648 vetitigalia
1199 2589 1340 2651 ορα-Ἴ

1031 2653 1056 2710 I
1102 2656 1152 2733 vj
