1659 2928
283 169 842 214 nrsron1ARUM
902 147 1143 207 NOTAE.
1260 167 1366 226 513

89 249 247 301 'nibale
273 252 376 300 vide
390 252 577 300 Livium
597 247 745 297 XXII
767 287 780 309 ‚
812 267 855 295 2.
881 246 937 295 de
962 247 1167 296 Sertorio
1190 243 1379 295 Plutar-

97 317 234 367 chum
264 320 314 365 in
339 319 509 366 Sertor.
535 332 646 381 pag.
671 323 780 375 569.

163 381 451 431 Hordeonius
473 380 686 431 Flaccus.
726 379 990 428 Germaniae
1016 376 1257 445 superioris
1278 395 1379 428 ree<⁴

90 461 184 497 tor.
217 447 340 496 Hist.
364 448 415 510 Ι,
440 467 490 506 9.

163 578 289 627 CAP.
322 575 461 628 XIV.
499 574 664 637 Specie
694 577 942 639 epularum.
979 577 1036 626 Et
1066 579 1184 625 inter
1220 576 1381 642 epulas

91 641 150 693 de
198 642 322 692 bello
369 640 626 692 consultare
672 642 791 693 soliti
832 660 960 694 erant
1006 643 1202 692 barbari·
1255 643 1382 694 Vide

95 709 217 760 infr&
249 710 306 759 de
335 709 545 758 Moribus
579 709 803 758 German.
836 711 958 775 Cap.
992 730 1068 758 22.

159 775 358 827 Sacrum
391 776 437 825 in
469 793 639 824 nemus.
682 778 807 825 Inter
837 774 1020 824 Mosam
1048 782 1092 823 &
1123 775 1337 824 Rhenum
1359 792 1382 837 ‚⁴

92 842 154 893 ad
197 843 546 892 Duodecimum
578 880 591 903 ‚
637 860 762 891 nunc
797 840 1171 891 Dooden-iVerd
1194 879 1207 899 ‚
1252 840 1382 889 fuiffe

97 927 262 958 nemus
286 909 401 958 illud
428 906 603 955 sacrum
627 909 721 957 deae
739 908 879 956 Levae
898 947 911 969 ‚
940 908 1096 975 ibique
1120 907 1269 955 adhuc
1293 906 1382 955 effe

94 978 249 1028 vicum
269 975 446 1024 Lewen
467 1012 483 1034 ‚
505 976 726 1024 existimat
745 974 821 1023 Cl.
836 975 1002 1042 Alting
1020 974 1233 1035 ,Noriticz
1254 972 1382 1021 Ger-

98 1042 268 1093 maniae
290 1040 526 1106 inferioris
544 1044 747 1106 antiquae
769 1079 784 1099 ,
807 1058 917 1108 pag.
942 1058 1027 1103 103
1048 1080 1062 1098 ,
1091 1046 1134 1087 &
1152 1038 1384 1089 Tab.1V.

95 1108 173 1159 De
195 1108 264 1157 his
289 1106 553 1157 nemoribus
577 1107 750 1158 dicetur
777 1108 927 1156 adhuc
947 1104 1065 1156 infra}
1086 1107 1142 1155 de
1167 1106 1381 1154 Moribus

94 1174 325 1226 German.
353 1174 474 1240 Cap.
501 1193 548 1233 9.

167 1241 330 1307 Neque
365 1242 486 1290 enim
504 1240 791 1306 societatem.
833 1239 1004 1307 Neque
1040 1240 1163 1288 enim
1202 1236 1385 1300 socios,

98 1322 148 1357 ut
167 1308 282 1356 olim
300 1347 314 1370 ,
336 1304 412 1356 sed
426 1306 577 1356 servos
599 1307 770 1356 haberi.
795 1307 962 1356 Mallet
980 1306 1134 1354 illustr.
1152 1304 1351 1353 Huetius
1369 1342 1384 1365 ‚

98 1390 241 1440 neque
285 1374 403 1424 enim
446 1373 495 1422 in
523 1374 789 1440 chietczrem
821 1396 836 1422 .-
883 1390 937 1422 ac
980 1372 1166 1440 quidem
1203 1369 1391 1420 merito.

97 1438 343 1489 Evanuisse
374 1439 550 1489 videtur
583 1439 844 1508 praepofitio
878 1441 939 1488 ob
965 1438 1248 1505 superiorein
1275 1455 1389 1504 par-

104 1508 294 1556 ticulam
322 1507 456 1556 enim.

167 1571 368 1640 Quando
412 1571 630 1637 legatum.
685 1570 864 1621 Notam
909 1570 1227 1638 interrogandi
1265 1572 1393 1619 redi&

105 1637 320 1706 apposuit
336 1638 517 1704 Lipfius
539 1657 554 1700 3
582 1637 732 1704 ficque
751 1641 1097 1705 interpretatur:
1126 1636 1198 1685 En
1215 1676 1228 1698 ,
1248 1637 1393 1705 usque

102 1706 161 1754 εὸ
188 1707 299 1755 viles
324 1705 550 1754 Romanis
577 1703 728 1751 sumus
746 1741 760 1763 ,
789 1722 836 1753 ut
857 1724 954 1754 non
976 1706 1145 1771 legati,
1172 1720 1249 1752 aut
1268 1722 1392 1769 prae-

107 1788 228 1821 tores
261 1769 416 1819 saltem
446 1787 533 1817 nos
569 1769 787 1833 diripiant
826 1771 913 1828 (id
948 1772 1010 1818 est
1030 1810 1042 1831 ,
1073 1770 1391 1820 honestiorum

102 1838 313 1889 manibus
332 1853 573 1902 pereamus
591 1835 610 1900 )
641 1835 713 1883 sed
735 1835 978 1884 latrunculi
1002 1838 1179 1904 aliquot
1197 1837 1391 1898 minuti,

102 1902 306 1971 praefeffi
330 1910 374 1951 δε
394 1904 701 1951 centuriones.
720 1901 900 1950 Contra}
916 1904 1009 1963 alii,
1025 1905 1395 1969 interrogatione

108 1968 306 2030 omissi,
340 1971 402 2018 ita
426 1971 792 2035 inrerpungum,
830 1968 1008 2033 quando
1044 2006 1057 2020 .
1092 2002 1106 2016 .
1143 2007 1156 2020 .
1189 1969 1348 2020 venire
1368 1989 1395 2024 .·,

105 2038 154 2088 &
174 2033 350 2101 quando
375 2053 463 2101 pro
491 2036 648 2100 quippe
676 2036 925 2101 accipiunt.

34 2114 37 2118 ’
177 2102 341 2151 Novos
367 2101 521 2165 finus,
579 2099 761 2164 Quibus
800 2101 1079 2150 Batavorum
1117 2119 1231 2169 opes
1266 2117 1398 2155 erant

109 2167 290 2220 abditae.
331 2167 456 2218 Vide
486 2165 619 2234 supra}
647 2166 768 2215 Hist.
792 2167 864 2229 II,
893 2187 973 2225 92.

180 2232 346 2284 Ιηαηὶα
378 2233 621 2300 legionum.
658 2233 1024 2300 Infrequentium
1055 2235 1396 2285 invalidarum-

114 2317 208 2373 que
243 2300 483 2366 legionum
513 2301 671 2348 inania
703 2316 831 2348 erant
867 2304 1076 2350 nomina.

184 2364 508 2428 Imputaruros.
546 2366 671 2415 Bene
700 2367 858 2415 illustr.
886 2367 1085 2415 Huetius
1112 2388 1122 2414 ε
1160 2366 1217 2415 Si
1238 2406 1252 2429 ,
1293 2368 1398 2417 Βα-

114 2433 246 2483 ravis
272 2429 595 2481 rebellantibus
613 2470 629 2489 ,
661 2450 733 2481 res
761 2432 1137 2497 malefiiccedat‚
1170 2433 1236 2480 ira
1258 2450 1400 2482 excu-

100 2497 280 2568 sabunt
295 2496 413 2557 apud
432 2495 768 2562 Vespqfimmm,
787 2498 899 2562 quod
923 2497 1275 2549 Vitellianarum
1288 2516 1402 2563 par-

119 2565 154 2616 ti
166 2580 240 2612 um
267 2561 484 2628 reliquias
508 2561 686 2611 abolere
712 2564 995 2613 tentaverint
1022 2582 1040 2623 ;
1064 2562 1145 2630 fin
1168 2564 1362 2613 vincant
1380 2604 1403 2629 ,

114 2630 224 2702 quis
245 2627 434 2683 vifi‘ores
456 2627 517 2682 ad
537 2626 813 2684 reddendam
831 2630 1056 2684 rationem
1079 2647 1235 2692 cogere
1254 2630 1403 2701 poffit.

1121 2694 1226 2760 xv,
