<?xml version="1.0" encoding="UTF-8"?>
<!DOCTYPE html PUBLIC "-//W3C//DTD XHTML 1.0 Transitional//EN"
    "http://www.w3.org/TR/xhtml1/DTD/xhtml1-transitional.dtd">
<html xmlns="http://www.w3.org/1999/xhtml" xml:lang="en" lang="en">
 <head>
  <title>
</title>
<meta http-equiv="Content-Type" content="text/html;charset=utf-8" />
  <meta name='ocr-system' content='tesseract 3.04.00' />
  <meta name='ocr-capabilities' content='ocr_page ocr_carea ocr_par ocr_line ocrx_word'/>
</head>
<body>
  <div class='ocr_page' id='page_1' title='image "./ccorneliitacitio04taci_0028.png"; bbox 0 0 1714 2961; ppageno 0'>
   <div class='ocr_carea' id='block_1_1' title="bbox 104 274 291 289">
    <p class='ocr_par' dir='ltr' id='par_1_1' title="bbox 104 274 291 289">
     <span class='ocr_line' id='line_1_1' title="bbox 104 274 291 289; baseline 0 2672"><span class='ocrx_word' id='word_1_1' title='bbox 104 274 291 289; x_wconf 95' lang='lat' dir='ltr'><strong> </strong></span> 
     </span>
    </p>
   </div>
   <div class='ocr_carea' id='block_1_2' title="bbox 101 287 294 305">
    <p class='ocr_par' dir='ltr' id='par_1_2' title="bbox 101 287 294 305">
     <span class='ocr_line' id='line_1_2' title="bbox 101 287 294 305; baseline 0 2656"><span class='ocrx_word' id='word_1_2' title='bbox 101 287 294 305; x_wconf 95' lang='lat' dir='ltr'><strong> </strong></span> 
     </span>
    </p>
   </div>
   <div class='ocr_carea' id='block_1_3' title="bbox 102 301 293 315">
    <p class='ocr_par' dir='ltr' id='par_1_3' title="bbox 102 301 293 315">
     <span class='ocr_line' id='line_1_3' title="bbox 102 301 293 315; baseline 0 2646"><span class='ocrx_word' id='word_1_3' title='bbox 102 301 293 315; x_wconf 95' lang='lat' dir='ltr'><strong> </strong></span> 
     </span>
    </p>
   </div>
   <div class='ocr_carea' id='block_1_4' title="bbox 104 334 293 528">
    <p class='ocr_par' dir='ltr' id='par_1_4' title="bbox 104 334 293 528">
     <span class='ocr_line' id='line_1_4' title="bbox 104 334 293 377; baseline -0.016 0"><span class='ocrx_word' id='word_1_4' title='bbox 104 334 155 377; x_wconf 82' lang='lat' dir='ltr'><strong>A.</strong></span> <span class='ocrx_word' id='word_1_5' title='bbox 178 337 226 373; x_wconf 86' lang='lat' dir='ltr'><strong>U.</strong></span> <span class='ocrx_word' id='word_1_6' title='bbox 247 336 293 376; x_wconf 90' lang='lat' dir='ltr'><strong>C.</strong></span> 
     </span>
     <span class='ocr_line' id='line_1_5' title="bbox 145 409 255 453; baseline 0.018 -2"><span class='ocrx_word' id='word_1_7' title='bbox 145 409 255 453; x_wconf 80' lang='lat'><strong>822.</strong></span> 
     </span>
     <span class='ocr_line' id='line_1_6' title="bbox 141 486 259 528; baseline 0 0"><span class='ocrx_word' id='word_1_8' title='bbox 141 486 181 528; x_wconf 78' lang='lat' dir='ltr'><strong>J.</strong></span> <span class='ocrx_word' id='word_1_9' title='bbox 210 488 259 528; x_wconf 91' lang='lat' dir='ltr'><strong>C.</strong></span> 
     </span>
    </p>
   </div>
   <div class='ocr_carea' id='block_1_5' title="bbox 168 563 252 617">
    <p class='ocr_par' dir='ltr' id='par_1_5' title="bbox 168 563 252 617">
     <span class='ocr_line' id='line_1_7' title="bbox 168 563 252 617; baseline -0.048 1"><span class='ocrx_word' id='word_1_10' title='bbox 168 563 252 617; x_wconf 72' lang='lat'><strong>§9-</strong></span> 
     </span>
    </p>
   </div>
   <div class='ocr_carea' id='block_1_6' title="bbox 319 160 1417 230">
    <p class='ocr_par' dir='ltr' id='par_1_6' title="bbox 319 160 1417 230">
     <span class='ocr_line' id='line_1_8' title="bbox 319 160 1417 230; baseline 0.01 -11"><span class='ocrx_word' id='word_1_11' title='bbox 319 178 399 219; x_wconf 84' lang='lat'><strong>&#39;20</strong></span> <span class='ocrx_word' id='word_1_12' title='bbox 538 160 1071 224; x_wconf 75' lang='lat' dir='ltr'><strong>C.C0RN131.11</strong></span> <span class='ocrx_word' id='word_1_13' title='bbox 1119 167 1417 230; x_wconf 77' lang='lat' dir='ltr'><strong>TAc1&#39;rr</strong></span> 
     </span>
    </p>
   </div>
   <div class='ocr_carea' id='block_1_7' title="bbox 310 268 1594 2599">
    <p class='ocr_par' dir='ltr' id='par_1_7' title="bbox 310 268 1594 2599">
     <span class='ocr_line' id='line_1_9' title="bbox 321 268 1489 351; baseline 0.008 -31"><span class='ocrx_word' id='word_1_14' title='bbox 321 282 478 321; x_wconf 90' lang='lat' dir='ltr'><strong>metu</strong></span> <span class='ocrx_word' id='word_1_15' title='bbox 502 308 519 334; x_wconf 84' lang='lat'><strong>,</strong></span> <span class='ocrx_word' id='word_1_16' title='bbox 567 270 626 323; x_wconf 75' lang='grc' dir='ltr'><strong>δε</strong></span> <span class='ocrx_word' id='word_1_17' title='bbox 656 271 868 346; x_wconf 87' lang='lat' dir='ltr'><strong>majore</strong></span> <span class='ocrx_word' id='word_1_18' title='bbox 896 268 1125 349; x_wconf 80' lang='lat' dir='ltr'><strong>praemio</strong></span> <span class='ocrx_word' id='word_1_19' title='bbox 1152 289 1489 351; x_wconf 84' lang='lat' dir='ltr'>peccaretur.</span> 
     </span>
     <span class='ocr_line' id='line_1_10' title="bbox 410 347 1592 435; baseline 0.006 -32"><span class='ocrx_word' id='word_1_20' title='bbox 410 347 574 405; x_wconf 87' lang='lat' dir='ltr'><strong>XIII.</strong></span> <span class='ocrx_word' id='word_1_21' title='bbox 603 350 914 408; x_wconf 73' lang='grc' dir='ltr'><strong>ΡΟΤΕΝΤΙΑ</strong></span> <span class='ocrx_word' id='word_1_22' title='bbox 953 350 1287 435; x_wconf 71' lang='lat' dir='ltr'><strong>principatus</strong></span> <span class='ocrx_word' id='word_1_23' title='bbox 1324 351 1494 410; x_wconf 85' lang='lat' dir='ltr'><strong>divisa</strong></span> <span class='ocrx_word' id='word_1_24' title='bbox 1530 349 1592 410; x_wconf 87' lang='lat' dir='ltr'><strong>in</strong></span> 
     </span>
     <span class='ocr_line' id='line_1_11' title="bbox 320 428 1592 506; baseline 0.004 -20"><span class='ocrx_word' id='word_1_25' title='bbox 320 428 394 487; x_wconf 87' lang='lat' dir='ltr'><strong>T.</strong></span> <span class='ocrx_word' id='word_1_26' title='bbox 422 430 663 490; x_wconf 86' lang='lat' dir='ltr'>Vinium</span> <span class='ocrx_word' id='word_1_27' title='bbox 689 479 707 504; x_wconf 83' lang='lat'>,</span> <span class='ocrx_word' id='word_1_28' title='bbox 754 432 1040 493; x_wconf 88' lang='lat' dir='ltr'><strong>consulem</strong></span> <span class='ocrx_word' id='word_1_29' title='bbox 1071 482 1088 506; x_wconf 82' lang='lat'>‚</span> <span class='ocrx_word' id='word_1_30' title='bbox 1143 445 1199 495; x_wconf 67' lang='grc' dir='ltr'><strong>ὃς</strong></span> <span class='ocrx_word' id='word_1_31' title='bbox 1251 434 1592 494; x_wconf 85' lang='lat' dir='ltr'><strong>Cornelium</strong></span> 
     </span>
     <span class='ocr_line' id='line_1_12' title="bbox 319 513 1593 598; baseline 0.003 -29"><span class='ocrx_word' id='word_1_32' title='bbox 319 513 606 573; x_wconf 86' lang='lat' dir='ltr'>Laconem</span> <span class='ocrx_word' id='word_1_33' title='bbox 636 561 652 585; x_wconf 81' lang='grc'>,</span> <span class='ocrx_word' id='word_1_34' title='bbox 698 518 936 596; x_wconf 85' lang='lat' dir='ltr'><strong>praetorii</strong></span> <span class='ocrx_word' id='word_1_35' title='bbox 964 515 1303 598; x_wconf 63' lang='lat' dir='ltr'><strong>praefectum.</strong></span> <span class='ocrx_word' id='word_1_36' title='bbox 1342 520 1460 577; x_wconf 93' lang='lat' dir='ltr'><strong>Nec</strong></span> <span class='ocrx_word' id='word_1_37' title='bbox 1486 517 1593 574; x_wconf 89' lang='lat' dir='ltr'><strong>mi-</strong></span> 
     </span>
     <span class='ocr_line' id='line_1_13' title="bbox 315 598 1590 680; baseline 0.003 -27"><span class='ocrx_word' id='word_1_38' title='bbox 315 617 422 653; x_wconf 91' lang='lat' dir='ltr'><strong>nor</strong></span> <span class='ocrx_word' id='word_1_39' title='bbox 462 598 637 678; x_wconf 87' lang='lat' dir='ltr'><strong>gratia</strong></span> <span class='ocrx_word' id='word_1_40' title='bbox 673 598 821 657; x_wconf 87' lang='lat' dir='ltr'><strong>Icelo</strong></span> <span class='ocrx_word' id='word_1_41' title='bbox 842 646 859 671; x_wconf 88' lang='lat'>‚</span> <span class='ocrx_word' id='word_1_42' title='bbox 910 600 1101 658; x_wconf 80' lang='lat' dir='ltr'><strong>Galbae</strong></span> <span class='ocrx_word' id='word_1_43' title='bbox 1130 600 1334 659; x_wconf 91' lang='lat' dir='ltr'><strong>liberto</strong></span> <span class='ocrx_word' id='word_1_44' title='bbox 1358 647 1374 671; x_wconf 84' lang='grc'>,</span> <span class='ocrx_word' id='word_1_45' title='bbox 1417 622 1590 680; x_wconf 89' lang='lat' dir='ltr'><strong>quem</strong></span> 
     </span>
     <span class='ocr_line' id='line_1_14' title="bbox 315 677 1593 763; baseline 0.002 -26"><span class='ocrx_word' id='word_1_46' title='bbox 315 677 495 738; x_wconf 88' lang='lat' dir='ltr'><strong>anulis</strong></span> <span class='ocrx_word' id='word_1_47' title='bbox 533 680 806 739; x_wconf 85' lang='lat' dir='ltr'><strong>donatum</strong></span> <span class='ocrx_word' id='word_1_48' title='bbox 830 683 851 754; x_wconf 74' lang='grc'><strong>,’</strong></span> <span class='ocrx_word' id='word_1_49' title='bbox 892 683 1130 763; x_wconf 90' lang='lat' dir='ltr'><strong>equestri</strong></span> <span class='ocrx_word' id='word_1_50' title='bbox 1157 682 1392 741; x_wconf 91' lang='lat' dir='ltr'><strong>nomine</strong></span> <span class='ocrx_word' id='word_1_51' title='bbox 1427 688 1593 740; x_wconf 79' lang='lat' dir='ltr'><strong>Mar·-</strong></span> 
     </span>
     <span class='ocr_line' id='line_1_15' title="bbox 316 764 1591 837; baseline 0.005 -18"><span class='ocrx_word' id='word_1_52' title='bbox 316 768 525 821; x_wconf 78' lang='lat' dir='ltr'><strong>tianum</strong></span> <span class='ocrx_word' id='word_1_53' title='bbox 546 765 884 825; x_wconf 82' lang='lat' dir='ltr'><strong>vocitabant.</strong></span> <span class='ocrx_word' id='word_1_54' title='bbox 915 768 990 825; x_wconf 93' lang='lat' dir='ltr'><strong>Hi</strong></span> <span class='ocrx_word' id='word_1_55' title='bbox 1014 764 1292 824; x_wconf 84' lang='lat' dir='ltr'>discordes</span> <span class='ocrx_word' id='word_1_56' title='bbox 1307 813 1323 837; x_wconf 82' lang='lat'>,</span> <span class='ocrx_word' id='word_1_57' title='bbox 1349 773 1406 824; x_wconf 87' lang='lat'>&amp;</span> <span class='ocrx_word' id='word_1_58' title='bbox 1427 764 1591 825; x_wconf 80' lang='lat' dir='ltr'><strong>rebus</strong></span> 
     </span>
     <span class='ocr_line' id='line_1_16' title="bbox 314 846 1592 929; baseline 0.002 -25"><span class='ocrx_word' id='word_1_59' title='bbox 314 846 629 906; x_wconf 82' lang='lat' dir='ltr'>minoribus</span> <span class='ocrx_word' id='word_1_60' title='bbox 670 847 770 907; x_wconf 84' lang='lat' dir='ltr'><strong>fibi</strong></span> <span class='ocrx_word' id='word_1_61' title='bbox 801 848 1033 929; x_wconf 86' lang='lat' dir='ltr'><strong>quisque</strong></span> <span class='ocrx_word' id='word_1_62' title='bbox 1078 849 1410 921; x_wconf 79' lang='lat' dir='ltr'><strong>tendenteS,</strong></span> <span class='ocrx_word' id='word_1_63' title='bbox 1449 848 1592 907; x_wconf 88' lang='lat' dir='ltr'><strong>circa</strong></span> 
     </span>
     <span class='ocr_line' id='line_1_17' title="bbox 315 929 1592 1012; baseline 0.001 -25"><span class='ocrx_word' id='word_1_64' title='bbox 315 929 612 988; x_wconf 85' lang='lat' dir='ltr'><strong>confilium</strong></span> <span class='ocrx_word' id='word_1_65' title='bbox 639 931 888 1012; x_wconf 80' lang='lat' dir='ltr'><strong>eligendi</strong></span> <span class='ocrx_word' id='word_1_66' title='bbox 911 930 1224 991; x_wconf 84' lang='lat' dir='ltr'><strong>succefforis</strong></span> <span class='ocrx_word' id='word_1_67' title='bbox 1247 934 1306 990; x_wconf 93' lang='lat' dir='ltr'><strong>in</strong></span> <span class='ocrx_word' id='word_1_68' title='bbox 1326 932 1459 993; x_wconf 86' lang='lat' dir='ltr'><strong>duas</strong></span> <span class='ocrx_word' id='word_1_69' title='bbox 1480 929 1592 989; x_wconf 86' lang='lat' dir='ltr'><strong>fac-</strong></span> 
     </span>
     <span class='ocr_line' id='line_1_18' title="bbox 316 1012 1594 1096; baseline 0.002 -26"><span class='ocrx_word' id='word_1_70' title='bbox 316 1012 497 1073; x_wconf 81' lang='lat' dir='ltr'>tiones</span> <span class='ocrx_word' id='word_1_71' title='bbox 521 1012 933 1074; x_wconf 82' lang='lat' dir='ltr'><strong>scindebantur.</strong></span> <span class='ocrx_word' id='word_1_72' title='bbox 958 1016 1161 1076; x_wconf 86' lang='lat' dir='ltr'><strong>Vinius</strong></span> <span class='ocrx_word' id='word_1_73' title='bbox 1176 1038 1276 1096; x_wconf 53' lang='lat' dir='ltr'><strong>,pro</strong></span> <span class='ocrx_word' id='word_1_74' title='bbox 1297 1017 1386 1074; x_wconf 90' lang='lat' dir='ltr'><strong>M.</strong></span> <span class='ocrx_word' id='word_1_75' title='bbox 1404 1015 1594 1074; x_wconf 80' lang='lat' dir='ltr'><strong>Otho-</strong></span> 
     </span>
     <span class='ocr_line' id='line_1_19' title="bbox 314 1097 1588 1178; baseline 0 -22"><span class='ocrx_word' id='word_1_76' title='bbox 314 1118 386 1156; x_wconf 87' lang='lat' dir='ltr'><strong>ne</strong></span> <span class='ocrx_word' id='word_1_77' title='bbox 411 1120 423 1152; x_wconf 74' lang='grc' dir='ltr'>ε</span> <span class='ocrx_word' id='word_1_78' title='bbox 463 1099 613 1155; x_wconf 90' lang='lat' dir='ltr'><strong>Laco</strong></span> <span class='ocrx_word' id='word_1_79' title='bbox 644 1118 811 1178; x_wconf 88' lang='lat' dir='ltr'><strong>atque</strong></span> <span class='ocrx_word' id='word_1_80' title='bbox 836 1097 1015 1157; x_wconf 87' lang='lat' dir='ltr'><strong>Icelus</strong></span> <span class='ocrx_word' id='word_1_81' title='bbox 1040 1097 1305 1157; x_wconf 89' lang='lat' dir='ltr'><strong>consensu</strong></span> <span class='ocrx_word' id='word_1_82' title='bbox 1330 1122 1444 1159; x_wconf 85' lang='lat' dir='ltr'><strong>non</strong></span> <span class='ocrx_word' id='word_1_83' title='bbox 1469 1119 1588 1157; x_wconf 89' lang='lat' dir='ltr'><strong>tam</strong></span> 
     </span>
     <span class='ocr_line' id='line_1_20' title="bbox 315 1179 1588 1262; baseline 0.003 -26"><span class='ocrx_word' id='word_1_84' title='bbox 315 1201 493 1237; x_wconf 92' lang='lat' dir='ltr'><strong>unum</strong></span> <span class='ocrx_word' id='word_1_85' title='bbox 531 1180 780 1261; x_wconf 80' lang='lat' dir='ltr'><strong>aliquem</strong></span> <span class='ocrx_word' id='word_1_86' title='bbox 821 1179 1135 1254; x_wconf 71' lang='lat' dir='ltr'><strong>fovebant3</strong></span> <span class='ocrx_word' id='word_1_87' title='bbox 1185 1182 1357 1262; x_wconf 74' lang='lat' dir='ltr'><strong>quam</strong></span> <span class='ocrx_word' id='word_1_88' title='bbox 1397 1181 1588 1240; x_wconf 87' lang='lat' dir='ltr'><strong>alium.</strong></span> 
     </span>
     <span class='ocr_line' id='line_1_21' title="bbox 312 1263 1587 1347; baseline 0.002 -26"><span class='ocrx_word' id='word_1_89' title='bbox 312 1263 516 1343; x_wconf 82' lang='lat' dir='ltr'><strong>Neque</strong></span> <span class='ocrx_word' id='word_1_90' title='bbox 553 1285 668 1323; x_wconf 88' lang='lat' dir='ltr'><strong>erat</strong></span> <span class='ocrx_word' id='word_1_91' title='bbox 702 1264 895 1324; x_wconf 83' lang='lat' dir='ltr'><strong>Galbae</strong></span> <span class='ocrx_word' id='word_1_92' title='bbox 926 1266 1120 1347; x_wconf 87' lang='lat' dir='ltr'><strong>ignota</strong></span> <span class='ocrx_word' id='word_1_93' title='bbox 1146 1266 1394 1324; x_wconf 85' lang='lat' dir='ltr'><strong>Othonis</strong></span> <span class='ocrx_word' id='word_1_94' title='bbox 1424 1289 1484 1323; x_wconf 90' lang='lat' dir='ltr'><strong>ac</strong></span> <span class='ocrx_word' id='word_1_95' title='bbox 1513 1266 1587 1323; x_wconf 88' lang='lat' dir='ltr'><strong>T.</strong></span> 
     </span>
     <span class='ocr_line' id='line_1_22' title="bbox 312 1345 1590 1425; baseline 0.001 -19"><span class='ocrx_word' id='word_1_96' title='bbox 312 1345 476 1406; x_wconf 86' lang='lat' dir='ltr'><strong>Vinii</strong></span> <span class='ocrx_word' id='word_1_97' title='bbox 497 1348 745 1408; x_wconf 88' lang='lat' dir='ltr'><strong>amicitia</strong></span> <span class='ocrx_word' id='word_1_98' title='bbox 763 1372 778 1425; x_wconf 79' lang='lat'>3</span> <span class='ocrx_word' id='word_1_99' title='bbox 801 1357 858 1409; x_wconf 69' lang='grc' dir='ltr'><strong>δε</strong></span> <span class='ocrx_word' id='word_1_100' title='bbox 874 1349 1190 1407; x_wconf 89' lang='lat' dir='ltr'><strong>rumoribus</strong></span> <span class='ocrx_word' id='word_1_101' title='bbox 1208 1348 1349 1406; x_wconf 88' lang='lat' dir='ltr'><strong>nihil</strong></span> <span class='ocrx_word' id='word_1_102' title='bbox 1372 1347 1590 1408; x_wconf 73' lang='lat' dir='ltr'><strong>silentio</strong></span> 
     </span>
     <span class='ocr_line' id='line_1_23' title="bbox 313 1427 1588 1513; baseline 0.002 -25"><span class='ocrx_word' id='word_1_103' title='bbox 313 1427 816 1491; x_wconf 79' lang='lat' dir='ltr'><strong>transmittentium</strong></span> <span class='ocrx_word' id='word_1_104' title='bbox 854 1436 871 1509; x_wconf 92' lang='lat'>(</span> <span class='ocrx_word' id='word_1_105' title='bbox 893 1433 1022 1513; x_wconf 85' lang='lat' dir='ltr'><strong>quia</strong></span> <span class='ocrx_word' id='word_1_106' title='bbox 1047 1433 1216 1492; x_wconf 86' lang='lat' dir='ltr'><strong>vidua</strong></span> <span class='ocrx_word' id='word_1_107' title='bbox 1237 1432 1413 1493; x_wconf 89' lang='lat' dir='ltr'><strong>Vinio</strong></span> <span class='ocrx_word' id='word_1_108' title='bbox 1439 1431 1588 1504; x_wconf 78' lang='lat' dir='ltr'><strong>filia,</strong></span> 
     </span>
     <span class='ocr_line' id='line_1_24' title="bbox 314 1512 1587 1599; baseline 0.002 -27"><span class='ocrx_word' id='word_1_109' title='bbox 314 1512 511 1572; x_wconf 82' lang='lat' dir='ltr'><strong>caelebs</strong></span> <span class='ocrx_word' id='word_1_110' title='bbox 537 1515 739 1594; x_wconf 82' lang='lat' dir='ltr'><strong>Otho)</strong></span> <span class='ocrx_word' id='word_1_111' title='bbox 778 1539 949 1599; x_wconf 84' lang='lat' dir='ltr'><strong>gener</strong></span> <span class='ocrx_word' id='word_1_112' title='bbox 973 1539 1034 1575; x_wconf 90' lang='lat' dir='ltr'><strong>ac</strong></span> <span class='ocrx_word' id='word_1_113' title='bbox 1061 1515 1212 1575; x_wconf 88' lang='lat' dir='ltr'><strong>socer</strong></span> <span class='ocrx_word' id='word_1_114' title='bbox 1240 1515 1587 1574; x_wconf 88' lang='lat' dir='ltr'><strong>destinaban-</strong></span> 
     </span>
     <span class='ocr_line' id='line_1_25' title="bbox 313 1596 1589 1682; baseline 0.001 -26"><span class='ocrx_word' id='word_1_115' title='bbox 313 1616 420 1656; x_wconf 89' lang='lat' dir='ltr'><strong>tur.</strong></span> <span class='ocrx_word' id='word_1_116' title='bbox 467 1598 662 1657; x_wconf 85' lang='lat' dir='ltr'><strong>Credo</strong></span> <span class='ocrx_word' id='word_1_117' title='bbox 690 1608 748 1660; x_wconf 61' lang='grc' dir='ltr'><strong>δέ</strong></span> <span class='ocrx_word' id='word_1_118' title='bbox 776 1599 1089 1682; x_wconf 68' lang='lat' dir='ltr'><strong>reipublicae</strong></span> <span class='ocrx_word' id='word_1_119' title='bbox 1124 1622 1314 1658; x_wconf 88' lang='lat' dir='ltr'><strong>curam</strong></span> <span class='ocrx_word' id='word_1_120' title='bbox 1343 1596 1541 1657; x_wconf 75' lang='lat' dir='ltr'><strong>subisse</strong></span> <span class='ocrx_word' id='word_1_121' title='bbox 1566 1643 1589 1670; x_wconf 84' lang='lat'><strong><em>,</em></strong></span> 
     </span>
     <span class='ocr_line' id='line_1_26' title="bbox 311 1677 1591 1764; baseline -0.001 -24"><span class='ocrx_word' id='word_1_122' title='bbox 311 1677 506 1740; x_wconf 86' lang='lat' dir='ltr'><strong>frustra</strong></span> <span class='ocrx_word' id='word_1_123' title='bbox 524 1706 555 1740; x_wconf 83' lang='lat' dir='ltr'><strong>a</strong></span> <span class='ocrx_word' id='word_1_124' title='bbox 577 1684 805 1744; x_wconf 90' lang='lat' dir='ltr'><strong>Nerone</strong></span> <span class='ocrx_word' id='word_1_125' title='bbox 835 1684 1099 1743; x_wconf 84' lang='lat' dir='ltr'><strong>transsatae</strong></span> <span class='ocrx_word' id='word_1_126' title='bbox 1125 1730 1141 1754; x_wconf 83' lang='lat'>‚</span> <span class='ocrx_word' id='word_1_127' title='bbox 1171 1682 1210 1740; x_wconf 85' lang='lat' dir='ltr'>fi</span> <span class='ocrx_word' id='word_1_128' title='bbox 1237 1681 1383 1764; x_wconf 85' lang='lat' dir='ltr'><strong>apud</strong></span> <span class='ocrx_word' id='word_1_129' title='bbox 1404 1682 1591 1740; x_wconf 82' lang='lat' dir='ltr'><strong>Otho-</strong></span> 
     </span>
     <span class='ocr_line' id='line_1_27' title="bbox 312 1764 1591 1847; baseline -0.001 -23"><span class='ocrx_word' id='word_1_130' title='bbox 312 1786 448 1825; x_wconf 86' lang='lat' dir='ltr'><strong>nem</strong></span> <span class='ocrx_word' id='word_1_131' title='bbox 472 1764 894 1845; x_wconf 88' lang='lat' dir='ltr'><strong>relinqueretur.</strong></span> <span class='ocrx_word' id='word_1_132' title='bbox 933 1768 1196 1847; x_wconf 84' lang='lat' dir='ltr'><strong>Namque</strong></span> <span class='ocrx_word' id='word_1_133' title='bbox 1222 1766 1381 1824; x_wconf 91' lang='lat' dir='ltr'><strong>Otho</strong></span> <span class='ocrx_word' id='word_1_134' title='bbox 1408 1765 1591 1847; x_wconf 82' lang='lat' dir='ltr'><strong>pueri-</strong></span> 
     </span>
     <span class='ocr_line' id='line_1_28' title="bbox 315 1847 1589 1931; baseline 0.002 -25"><span class='ocrx_word' id='word_1_135' title='bbox 315 1847 455 1906; x_wconf 86' lang='lat' dir='ltr'><strong>tiam</strong></span> <span class='ocrx_word' id='word_1_136' title='bbox 477 1847 781 1922; x_wconf 72' lang='lat' dir='ltr'><strong>incuriose,</strong></span> <span class='ocrx_word' id='word_1_137' title='bbox 812 1849 1247 1909; x_wconf 84' lang='lat' dir='ltr'><strong>adolescentiam</strong></span> <span class='ocrx_word' id='word_1_138' title='bbox 1275 1849 1589 1931; x_wconf 83' lang='lat' dir='ltr'><strong>petulanter</strong></span> 
     </span>
     <span class='ocr_line' id='line_1_29' title="bbox 315 1931 1587 2014; baseline 0.001 -24"><span class='ocrx_word' id='word_1_139' title='bbox 315 1952 540 2012; x_wconf 77' lang='lat' dir='ltr'><strong>egerat3</strong></span> <span class='ocrx_word' id='word_1_140' title='bbox 574 1954 756 2014; x_wconf 82' lang='lat' dir='ltr'><strong>gratus</strong></span> <span class='ocrx_word' id='word_1_141' title='bbox 783 1934 998 1992; x_wconf 86' lang='lat' dir='ltr'><strong>Neroni</strong></span> <span class='ocrx_word' id='word_1_142' title='bbox 1023 1932 1373 1991; x_wconf 60' lang='lat' dir='ltr'><strong>aemulatione</strong></span> <span class='ocrx_word' id='word_1_143' title='bbox 1399 1931 1587 1991; x_wconf 69' lang='lat' dir='ltr'><strong>luxus:</strong></span> 
     </span>
     <span class='ocr_line' id='line_1_30' title="bbox 314 2014 1587 2100; baseline 0.002 -27"><span class='ocrx_word' id='word_1_144' title='bbox 314 2014 494 2094; x_wconf 78' lang='lat' dir='ltr'><strong>eoque</strong></span> <span class='ocrx_word' id='word_1_145' title='bbox 516 2022 628 2088; x_wconf 81' lang='lat' dir='ltr'><strong>jam</strong></span> <span class='ocrx_word' id='word_1_146' title='bbox 646 2021 939 2100; x_wconf 63' lang='lat' dir='ltr'><strong>Poppaeam</strong></span> <span class='ocrx_word' id='word_1_147' title='bbox 959 2017 1219 2075; x_wconf 87' lang='lat' dir='ltr'><strong>Sabinam</strong></span> <span class='ocrx_word' id='word_1_148' title='bbox 1236 2065 1253 2088; x_wconf 82' lang='lat'>‚</span> <span class='ocrx_word' id='word_1_149' title='bbox 1277 2014 1587 2097; x_wconf 81' lang='lat' dir='ltr'><strong>Principale</strong></span> 
     </span>
     <span class='ocr_line' id='line_1_31' title="bbox 313 2095 1586 2182; baseline 0 -26"><span class='ocrx_word' id='word_1_150' title='bbox 313 2095 558 2156; x_wconf 83' lang='lat' dir='ltr'><strong>scortum</strong></span> <span class='ocrx_word' id='word_1_151' title='bbox 588 2146 604 2171; x_wconf 85' lang='lat'>,</span> <span class='ocrx_word' id='word_1_152' title='bbox 651 2120 711 2159; x_wconf 94' lang='lat' dir='ltr'><strong>ut</strong></span> <span class='ocrx_word' id='word_1_153' title='bbox 746 2100 893 2182; x_wconf 86' lang='lat' dir='ltr'><strong>apud</strong></span> <span class='ocrx_word' id='word_1_154' title='bbox 921 2098 1204 2158; x_wconf 89' lang='lat' dir='ltr'><strong>conscium</strong></span> <span class='ocrx_word' id='word_1_155' title='bbox 1238 2097 1541 2157; x_wconf 88' lang='lat' dir='ltr'><strong>libidinum</strong></span> <span class='ocrx_word' id='word_1_156' title='bbox 1566 2145 1586 2171; x_wconf 91' lang='lat'>,</span> 
     </span>
     <span class='ocr_line' id='line_1_32' title="bbox 314 2179 1589 2263; baseline 0.002 -25"><span class='ocrx_word' id='word_1_157' title='bbox 314 2179 644 2263; x_wconf 88' lang='lat' dir='ltr'><strong>deposuerat</strong></span> <span class='ocrx_word' id='word_1_158' title='bbox 683 2231 700 2257; x_wconf 87' lang='lat'>‚</span> <span class='ocrx_word' id='word_1_159' title='bbox 764 2184 944 2243; x_wconf 91' lang='lat' dir='ltr'><strong>donec</strong></span> <span class='ocrx_word' id='word_1_160' title='bbox 1002 2183 1301 2242; x_wconf 62' lang='lat' dir='ltr'><strong>Octaviam</strong></span> <span class='ocrx_word' id='word_1_161' title='bbox 1353 2204 1589 2240; x_wconf 84' lang='lat' dir='ltr'><strong>uxorem</strong></span> 
     </span>
     <span class='ocr_line' id='line_1_33' title="bbox 312 2263 1587 2348; baseline 0.001 -25"><span class='ocrx_word' id='word_1_162' title='bbox 312 2263 641 2324; x_wconf 87' lang='lat' dir='ltr'><strong>amoliretur</strong></span> <span class='ocrx_word' id='word_1_163' title='bbox 668 2291 681 2325; x_wconf 72' lang='grc' dir='ltr'>ε</span> <span class='ocrx_word' id='word_1_164' title='bbox 737 2290 872 2325; x_wconf 83' lang='lat' dir='ltr'><strong>mox</strong></span> <span class='ocrx_word' id='word_1_165' title='bbox 922 2264 1231 2348; x_wconf 63' lang='lat' dir='ltr'><strong>suspectum</strong></span> <span class='ocrx_word' id='word_1_166' title='bbox 1278 2266 1338 2322; x_wconf 87' lang='lat' dir='ltr'><strong>in</strong></span> <span class='ocrx_word' id='word_1_167' title='bbox 1384 2263 1587 2324; x_wconf 64' lang='lat' dir='ltr'><strong>eadem</strong></span> 
     </span>
     <span class='ocr_line' id='line_1_34' title="bbox 310 2346 1585 2431; baseline 0 -24"><span class='ocrx_word' id='word_1_168' title='bbox 310 2347 542 2430; x_wconf 66' lang='lat' dir='ltr'><strong>Poppaea</strong></span> <span class='ocrx_word' id='word_1_169' title='bbox 567 2395 583 2420; x_wconf 82' lang='lat'>‚</span> <span class='ocrx_word' id='word_1_170' title='bbox 607 2350 667 2407; x_wconf 90' lang='lat' dir='ltr'><strong>in</strong></span> <span class='ocrx_word' id='word_1_171' title='bbox 691 2350 1037 2431; x_wconf 85' lang='lat' dir='ltr'><strong>provinciam</strong></span> <span class='ocrx_word' id='word_1_172' title='bbox 1061 2347 1399 2407; x_wconf 83' lang='lat' dir='ltr'><strong>Lusitaniam</strong></span> <span class='ocrx_word' id='word_1_173' title='bbox 1425 2394 1442 2418; x_wconf 83' lang='lat'>‚</span> <span class='ocrx_word' id='word_1_174' title='bbox 1471 2346 1585 2430; x_wconf 84' lang='lat' dir='ltr'><strong>spe-</strong></span> 
     </span>
     <span class='ocr_line' id='line_1_35' title="bbox 315 2430 1583 2515; baseline 0.001 -26"><span class='ocrx_word' id='word_1_175' title='bbox 315 2431 401 2491; x_wconf 88' lang='lat' dir='ltr'><strong>cie</strong></span> <span class='ocrx_word' id='word_1_176' title='bbox 427 2430 721 2514; x_wconf 85' lang='lat' dir='ltr'><strong>legationis</strong></span> <span class='ocrx_word' id='word_1_177' title='bbox 750 2479 767 2504; x_wconf 90' lang='lat'>‚</span> <span class='ocrx_word' id='word_1_178' title='bbox 803 2431 1058 2515; x_wconf 87' lang='lat' dir='ltr'><strong>seposuit.</strong></span> <span class='ocrx_word' id='word_1_179' title='bbox 1103 2432 1303 2504; x_wconf 80' lang='lat' dir='ltr'><strong>Otho,</strong></span> <span class='ocrx_word' id='word_1_180' title='bbox 1348 2431 1583 2490; x_wconf 82' lang='lat' dir='ltr'><strong>comiter</strong></span> 
     </span>
     <span class='ocr_line' id='line_1_36' title="bbox 315 2513 1584 2599; baseline 0.001 -26"><span class='ocrx_word' id='word_1_181' title='bbox 315 2513 695 2574; x_wconf 66' lang='lat' dir='ltr'><strong>administrata</strong></span> <span class='ocrx_word' id='word_1_182' title='bbox 719 2514 1003 2599; x_wconf 67' lang='lat' dir='ltr'><strong>provincia</strong></span> <span class='ocrx_word' id='word_1_183' title='bbox 1026 2563 1042 2588; x_wconf 83' lang='lat'>‚</span> <span class='ocrx_word' id='word_1_184' title='bbox 1085 2517 1294 2598; x_wconf 89' lang='lat' dir='ltr'><strong>primus</strong></span> <span class='ocrx_word' id='word_1_185' title='bbox 1320 2514 1379 2572; x_wconf 89' lang='lat' dir='ltr'><strong>in</strong></span> <span class='ocrx_word' id='word_1_186' title='bbox 1404 2534 1584 2595; x_wconf 85' lang='lat' dir='ltr'><strong>partes</strong></span> 
     </span>
    </p>
   </div>
   <div class='ocr_carea' id='block_1_8' title="bbox 315 2595 1595 2683">
    <p class='ocr_par' dir='ltr' id='par_1_8' title="bbox 315 2595 1595 2683">
     <span class='ocr_line' id='line_1_37' title="bbox 315 2595 1595 2683; baseline -0.004 -23"><span class='ocrx_word' id='word_1_187' title='bbox 315 2595 668 2683; x_wconf 76' lang='lat' dir='ltr'><strong>transgressus</strong></span> <span class='ocrx_word' id='word_1_188' title='bbox 684 2646 703 2676; x_wconf 85' lang='grc'>,</span> <span class='ocrx_word' id='word_1_189' title='bbox 728 2622 831 2663; x_wconf 87' lang='lat' dir='ltr'><strong>nec</strong></span> <span class='ocrx_word' id='word_1_190' title='bbox 850 2597 1029 2683; x_wconf 82' lang='lat' dir='ltr'><strong>segnis</strong></span> <span class='ocrx_word' id='word_1_191' title='bbox 1049 2645 1067 2673; x_wconf 87' lang='grc'>,</span> <span class='ocrx_word' id='word_1_192' title='bbox 1093 2607 1149 2662; x_wconf 87' lang='lat'>&amp;</span> <span class='ocrx_word' id='word_1_193' title='bbox 1168 2598 1349 2661; x_wconf 87' lang='lat' dir='ltr'><strong>donec</strong></span> <span class='ocrx_word' id='word_1_194' title='bbox 1370 2595 1595 2682; x_wconf 74' lang='lat' dir='ltr'><strong>bellum¹</strong></span> 
     </span>
    </p>
   </div>
  </div>
 </body>
</html>
