1637 2928
46 237 236 268 a

255 133 373 177 212
443 114 517 175 C.
561 114 1014 176 Consum
1059 116 1369 178 TAcmx‘

260 214 493 299 quisque
517 214 912 298 sequentium*³
939 217 1094 302 fugae
1122 218 1352 279 ultimus
1381 239 1498 280 erat
1521 230 1538 280 τ’

43 295 96 338 ⁴⁴·
116 296 165 339 U.
188 299 238 341 C·
263 325 366 361 nec
396 301 590 383 sponte
613 300 852 360 Antonii
876 323 1234 385 properatum
1252 351 1268 375 ‚
1294 312 1351 361 ὃ(
1371 301 1493 363 fore
1515 351 1536 376 ‚

91 368 199 411 822.

86 443 112 483 J
161 444 194 483 C
263 408 384 466 quse
407 384 725 444 acciderant
749 433 765 457 ‚
803 386 1042 445 rebatur.
1087 390 1353 446 Hortatus
1378 385 1538 459 sUOS,

113 512 191 561 69.

273 497 306 521 α
323 489 384 528 ut
404 492 615 550 magno
638 469 830 526 animo
852 469 1190 551 capefferent
1210 494 1458 553 pugnam
1477 499 1542 542 ω,

267 552 507 612 diductis
531 552 590 608 in
613 550 784 612 latera
809 553 1005 611 turmis
1026 600 1043 626 ,
1083 577 1321 612 vacuum
1349 553 1541 613 medio
1627 568 1632 603 ἰ

265 635 498 716 reliquit
520 634 625 693 iter
649 681 666 706 ,
699 658 813 715 quo
835 637 1054 696 Varum
1078 637 1402 718 equitesque
1427 645 1546 717 ejus
1633 651 1636 655 ⁴

267 721 557 802 reciperet.
604 720 634 785 J
640 717 762 776 uffae
791 721 994 778 armari
1023 719 1273 802 legiones
1300 746 1312 778 ε
1346 721 1546 781 datum

269 826 369 888 per
395 825 552 886 agros
575 801 794 883 signum
814 850 831 875 ‚
866 824 958 877 ut,
996 804 1105 884 quzi
1135 805 1336 884 cuique
1362 804 1548 886 proxi-

269 910 433 946 mum
450 935 468 959 ,
494 885 693 944 omiss&
715 886 896 966 praedzi
913 935 927 959 ,
952 887 1150 969 proelio
1172 907 1546 947 occurrerent.

270 970 510 1032 Pavidus
557 970 788 1028 interim
830 970 1011 1030 Varus
1040 1019 1057 1043 ‚
1110 971 1280 1029 turbae
1322 970 1550 1030 suorum

187 1069 194 1072 ’
274 1052 540 1116 miscetur
565 1101 582 1125 ‚
622 1051 925 1133 intulitque
956 1050 1328 1114 formidinem
1357 1080 1370 1112 z
1414 1053 1552 1137 pulsi

278 1162 408 1198 cum
452 1135 643 1196 sauciis
689 1137 895 1219 integri
925 1184 941 1209 ‚
987 1136 1307 1220 suometipsi
1351 1159 1510 1198 metu
1531 1184 1554 1210 ,

279 1230 338 1282 86
362 1220 619 1304 angustiis
645 1220 861 1279 viarum
886 1217 1362 1282 conflictabantur.

361 1307 556 1366 XVII.
586 1304 640 1363 N
663 1328 698 1362 U
717 1327 845 1362 LLU
865 1328 912 1363 Μ
950 1306 1010 1364 in
1046 1305 1142 1364 illa
1181 1305 1556 1389 trepidatione

271 1388 561 1450 ¹Antonius
599 1387 894 1448 constantis
932 1389 1122 1462 ducis,
1162 1412 1256 1449 aut
1276 1388 1555 1449 fortiffimi

279 1474 477 1534 militis
502 1520 520 1545 ,
564 1469 814 1531 officium
857 1473 1041 1532 omisit
1074 1499 1085 1531 :
1129 1473 1410 1532 occursare
1457 1497 1556 1554 pa-

280 1556 540 1620 ventibus
559 1579 575 1633 3
600 1556 838 1614 retinere
856 1556 1117 1616 cedentes
1140 1555 1265 1615 :ubi
1285 1556 1559 1639 plurimus

283 1639 443 1700 labor
465 1689 482 1713 ,
510 1639 658 1699 unde
682 1639 866 1720 aliqua
883 1638 1000 1721 spes
1022 1688 1036 1712 ‚
1064 1639 1292 1699 consilio
1308 1689 1324 1712 ,
1351 1663 1522 1698 manu
1539 1686 1558 1711 ‚

283 1746 423 1785 voce
444 1771 462 1796 ,
497 1722 721 1806 insignis
749 1724 889 1781 hosti
911 1770 928 1795 ‚
973 1723 1294 1806 conspicuus
1313 1723 1455 1782 suis:
1492 1725 1560 1781 eo

282 1808 564 1893 postremo
593 1807 802 1866 ardoris
829 1813 1118 1890 prove&us
1143 1809 1217 1865 est
1243 1855 1258 1879 ,
1300 1827 1360 1866 ut
1387 1805 1562 1866 vexil—

286 1893 491 1952 larium
526 1888 843 1974 fugientem
880 1891 1026 1949 hastci
1065 1891 1560 1950 transverberaret:

287 1999 424 2036 mox
462 1996 685 2055 raptum
723 1972 993 2034 vexillum
1027 1975 1086 2033 in
1115 1976 1328 2034 hostem
1361 1975 1563 2034 vertit:
1635 2024 1637 2038 ⁴

284 2084 404 2142 quo
429 2058 642 2142 pudore
665 2107 681 2131 ‚
717 2057 868 2118 haud
889 2060 1071 2142 plures
1088 2108 1105 2131 ,
1139 2059 1311 2140 quaim
1335 2079 1565 2117 centum
1636 2070 1637 2081 ¹

293 2144 509 2223 equites
533 2191 548 2215 ‚
592 2143 853 2202 restitere.
905 2144 1061 2206 Juvit
1103 2141 1292 2214 locus,
1332 2142 1566 2201 arctiore

289 2226 408 2287 illic
424 2225 512 2285 vizi
530 2274 546 2297 ,
571 2235 628 2285 δε
647 2224 822 2285 fracto
846 2226 1214 2286 interfluentis
1236 2225 1337 2282 rivi
1359 2246 1530 2306 ponte
1546 2243 1571 2298 ,’

292 2310 391 2389 qui
415 2309 630 2367 incerto
666 2308 825 2368 alveo
850 2355 867 2381 ,
912 2318 970 2369 &
995 2308 1362 2389 praecipitibus
1393 2309 1522 2389 ripis
1547 2355 1566 2380 ,

293 2390 491 2473 fugam
548 2391 897 2474 impediebat
929 2417 942 2449 ε
991 2414 1054 2450 ea
1102 2391 1382 2451 necessitas
1406 2438 1424 2463 ‚
1473 2390 1568 2451 seu

240 2491 244 2494 ’
300 2474 558 2547 fortuna,
600 2474 768 2557 lapsas
801 2482 915 2554 jam
947 2496 1125 2557 partes
1164 2473 1412 2534 restituit.
1463 2476 1574 2533 Fir-

300 2560 444 2621 mati
464 2559 610 2621 inter
631 2557 685 2619 se
700 2604 719 2634 ,
742 2558 918 2620 densis
938 2553 1227 2620 ordinibus
1246 2606 1264 2633 ,
1292 2559 1577 2640 excipiunt
1600 2579 1603 2590 ³

666 2645 685 2669 ἱ
