1659 2928
225 110 349 185 ‘544
446 98 527 166 1N
583 103 892 169 L113RUM
939 106 1308 183 QUARTUM'*

225 203 275 255 id
299 206 360 252 est
381 204 453 254 die
476 224 533 263 27
557 205 673 254 Maii
691 224 708 269 3
740 206 947 256 desinunt
971 224 1120 258 autem
1141 209 1215 258 die
1240 208 1497 259 octavodess'

225 273 349 319 cimo
382 271 695 320 Kalendarum
729 271 1007 322 O&ob1·ium
1035 313 1049 335 ‚
1087 273 1164 324 seu
1188 275 1260 324 die
1290 294 1348 335 14
1371 276 1497 340 Sep·-

225 337 426 384 tembris.
471 338 549 386 De
580 340 770 387 nauticis
804 339 1122 389 Romanorum
1154 341 1330 405 legibus
1360 343 1497 407 plura

227 401 321 448 dixi
351 405 398 450 in
417 405 572 467 priore
591 404 746 453 Taciti
766 405 965 455 editione
986 445 998 467 ‚
1020 406 1164 455 Tom.
1190 407 1256 455 III
1276 446 1289 469 ‚
1317 426 1365 473 p.
1385 423 1497 467 529.

292 465 450 517 Multa
497 469 730 519 miracula.
778 471 1007 520 Miracula
1043 490 1070 521 a
1104 472 1272 521 Tacito
1320 476 1494 522 narrari

222 531 343 582 forte
374 536 474 602 quis
508 535 775 598 mirabitur3
809 543 852 584 δε
871 576 885 599 ,
913 539 1020 587 licet
1040 556 1067 587 a
1091 537 1260 588 Tacito
1286 556 1493 603 narrata,

262 598 353 648 uod
381 619 479 648 non
501 600 652 650 mimis
676 604 841 650 mirum
869 604 931 652 est
948 642 961 664 ,
994 605 1196 664 nullam,
1229 621 1276 654 ut
1293 608 1492 671 opinor,

221 617 362 713 {cidem
393 667 599 716 obtinere
621 668 803 717 debent.
845 668 963 732 Quae
994 669 1024 717 fi
1053 671 1257 735 pluribus
1287 671 1492 737 exposita

222 732 420 781 volueris
438 772 452 794 ‚
481 734 554 783 adi
573 737 775 799 priorem
792 733 946 783 Taciti
965 735 1212 784 editionem
1234 736 1492 801 T0m.111,

220 815 286 864 pa
321 832 335 845 .
358 813 447 858 529
465 837 479 860 ‚
511 800 590 849 ubi
615 800 671 849 de
690 799 957 866 Vespasiani
979 803 1208 850 miraculis
1229 802 1424 853 disserui.

341 865 494 917 emitu.
507 866 606 916 Aut
624 867 873 928 redundat,
886 867 1060 934 gemitu
1078 886 1097 927 ,-
1119 885 1195 917 aut
1213 868 1490 937 legendum,
1515 882 1523 885 ”

213 929 394 996 gemitu
431 931 671 982 remedium
708 932 935 985 coecitatis
979 934 1236 1000 expcffcens.
1303 936 1489 987 Durum

218 997 358 1055 nimis
379 1037 394 1060 ,
424 998 598 1066 gemitu
618 1036 635 1060 ‚
665 999 852 1049 monitu.
1451 1067 1455 1070 K
1488 1006 1494 1013 ’

285 1061 473 1114 Monitu
500 1064 754 1127 Serapidis.
791 1065 900 1115 Mos
931 1065 1015 1115 fuit
1044 1071 1223 1134 aegrotis
1244 1108 1259 1130 ‚
1287 1067 1490 1135 maxim-E·

214 1141 247 1178 e
287 1130 427 1195 plebe
449 1170 464 1193 ,
507 1131 791 1182 sacerdotum
829 1134 1043 1181 instinstu
1078 1171 1092 1193 ,
1141 1136 1246 1184 cibo
1278 1150 1493 1202 potuque}

214 1194 440 1246 abstinere
460 1237 473 1258 ,
505 1203 550 1246 &
578 1197 712 1264 super
732 1196 944 1247 caesa‘rum
964 1200 1252 1250 victimarum
1275 1203 1419 1268 pelles
1436 1203 1488 1250 in

213 1264 398 1329 templis
425 1263 674 1332 AEsculapii
695 1304 708 1326 ,
741 1265 972 1331 Serapidis
991 1304 1006 1326 ,
1037 1266 1216 1316 cubare.
1253 1266 1384 1318 Hinc
1411 1268 1487 1331 je-

209 1329 432 1394 junorum
459 1330 890 1399 cerebrosorumque
914 1332 1157 1381 hominum
1180 1332 1294 1384 visus
1315 1374 1332 1398 ‚
1365 1333 1489 1386 som--⁴

213 1398 294 1444 nia
312 1434 325 1456 ,
362 1415 464 1465 quae
489 1414 723 1467 tamquam
756 1399 830 1447 dei
857 1400 1033 1447 monita
1055 1398 1353 1450 habebantur.
1489 1406 1497 1414 '

278 1460 474 1514 Manum
490 1483 628 1532 aeger.
647 1466 796 1531 Aliter
813 1465 1007 1515 Sueten.
1023 1467 1072 1514 in
1091 1465 1280 1534 Vespas.
1301 1467 1422 1534 Cap.
1435 1480 1486 1526 70*

209 1519 262 1574 Ε
293 1527 421 1589 plebe
461 1532 642 1596 quidam
684 1530 924 1581 luminibus
964 1531 1143 1581 orbatus
1166 1570 1183 1594 ,
1221 1532 1328 1583 item
1360 1532 1486 1583 alius
1520 1592 1522 1600 s

209 1590 350 1644 ‘debili
370 1599 498 1646 'crure
518 1636 533 1656 ,
557 1596 794 1662 sedentem
813 1614 897 1659 pro
923 1596 1136 1656 tribunali
1155 1598 1330 1660 pariter
1352 1599 1484 1649 adie-

206 1674 319 1709 runt
344 1700 362 1721 ,
406 1679 585 1713 orantes
622 1681 745 1725 opem
776 1661 1054 1714 valetudinis
1087 1663 1425 1731 demonstratam
1451 1682 1484 1715 a
1513 1659 1519 1674 ¹

210 1722 434 1788 Serapide
458 1746 542 1792 per
573 1729 768 1794 quietem
1473 1789 1479 1793 ,
1506 1747 1508 1750 ’

275 1791 456 1844 Divino
493 1795 748 1862 ministerio.
801 1795 862 1845 Et
895 1795 1004 1845 huic
1039 1794 1197 1846 divino
1231 1798 1482 1848 ministerio

206 1855 477 1926 Principem
501 1880 529 1911 a
559 1862 654 1911 deis
679 1863 966 1912 destinatum.
1476 1922 1484 1928 .

274 1925 742 1983 Nullummendacio
773 1929 980 1990 pretium.
1021 1924 1167 1990 Quod
1192 1968 1207 1992 ,
1247 1928 1354 1979 cum
1383 1931 1483 1990 haec

205 1988 420 2043 scriberet
445 1994 663 2058 Tacitus,
690 1995 900 2061 Trajano
929 1992 1144 2059 Principe
1160 2033 1175 2058 ,
1209 1997 1357 2048 excisa
1385 2015 1481 2050 erat

203 2053 476 2111 Flaviorum
510 2062 691 2112 domus.

270 2190 400 2242 CAP.
418 2193 678 2244 LXXXII.
701 2194 827 2245 Pone*
844 2208 1032 2264 tergum.
1067 2193 1270 2244 Intentus
1289 2195 1477 2263 quidem

202 2261 413 2322 ‘numini3
435 2261 508 2310 sed
531 2263 688 2330 aliquo
711 2277 843 2312 motu
864 2268 1077 2315 excitatus
1096 2301 1110 2324 ,
1134 2260 1327 2327 respexit
1347 2262 1480 2329 pon&

207 2340 274 2374 ter
311 2344 405 2376 um.

268 2341 313 2440 ἓ
336 2391 602 2454 primoribus
626 2391 961 2461 AEgyptiorum.
996 2395 1144 2444 Aliter
1177 2392 1327 2443 adhuc
1353 2395 1476 2445 Sue·-

205 2459 358 2508 tonius
389 2461 438 2507 in
467 2457 654 2525 Vespafi
691 2462 813 2526 Cap.
832 2480 879 2519 7.
920 2461 1036 2510 Cum
1065 2460 1118 2510 de
1131 2458 1355 2527 firmitate
1384 2462 1476 2510 im·-

196 2523 314 2584 perii
345 2541 556 2586 capturus
586 2524 862 2590 auspicium,
903 2526 1044 2577 aedem
1076 2524 1342 2588 Serapidis,
1358 2526 1470 2590 suh-

197 2588 334 2641 motis
382 2589 584 2643 omnibus
611 2629 629 2654 ,
665 2591 796 2660 Jblus
836 2593 1040 2662 intraffet
1069 2613 1085 2643 .·
1133 2609 1186 2643 ac
1226 2592 1474 2660 propitiata
