1670 2961
24 329 93 392 AL„

70 394 176 441 Siz.

60 472 97 511 J.
126 473 174 512 C.

75 542 154 591 69·

243 187 320 240 90
429 165 501 222 C.
543 165 994 223 CORNELrl
1046 168 1354 226 TA01T1

193 285 299 325 -ut
335 264 692 346 Imperatoris
735 261 965 323 fratrem
1000 313 1017 337 ,
1072 288 1175 325 nec
1227 289 1288 327 ut
1333 268 1519 328 hostis;

166 344 214 384 C.
239 347 414 430 Igitur
467 368 634 406 motae
695 348 865 406 Urbis
913 372 1050 408 curae
1095 374 1108 408 ε
1151 351 1332 410 nullus
1377 352 1520 411 ordo

240 452 398 491 metu
436 478 453 503 ,
501 452 596 490 aur
653 429 902 512 periculo
944 456 1143 491 vacuus
1181 457 1192 490 :
1246 435 1520 517 primores

236 513 454 575 senatus
503 535 661 573 aetate
717 512 953 573 invalidi
993 561 1009 585 ‚
1058 524 1128 575 -&
1176 516 1343 600 long&
1383 540 1519 600 pace

239 597 453 658 defides
500 620 519 673 3
580 596 760 678 segnis
787 643 804 668 ,
855 605 913 656 &
961 597 1139 657 oblita
1186 600 1467 658 bellorum
1500 647 1519 673 ‚

238 680 538 758 nobilitas3
567 681 788 764 ignarus
817 678 1030 738 militiae
1055 704 1222 762 eques
1247 706 1262 760 3
1308 685 1536 762 quanto—

238 765 418 848 magis
445 765 725 823 occultare
753 771 810 822 δε
837 763 1044 822 abdere
1067 787 1335 845 pavorem
1369 766 1520 824 nite-

237 849 478 920 bantur,
515 844 856 907 manifestius
895 846 1098 929 pavidi.
1130 850 1247 907 Nec
1288 848 1520 908 deerant
1607 898 1613 901 »

239 954 272 992 e
299 932 578 991 contrario
599 980 615 1005 ,
647 931 745 1012 qui
765 929 1077 990 ambitione
1103 931 1328 1004 stolida,
1358 930 1522 991 cons-

239 1016 400 1097 picua
445 1037 600 1073 arma
638 1061 656 1086 ,
718 1012 958 1095 insignes
1009 1037 1180 1094 equos
1206 1064 1221 1087 ,
1284 1016 1519 1096 quidam

239 1097 543 1158 luxuriosos
568 1117 856 1179 apparatus
876 1098 1260 1156 conviviorum
1275 1148 1291 1171 ,
1309 1109 1364 1158 ὃς
1382 1100 1522 1157 inri-

241 1202 493 1241 tamenta
518 1181 823 1239 libidinum
840 1229 857 1252 ,
884 1201 944 1239 ut
968 1180 1329 1240 instrumenta
1352 1182 1519 1255 belli,

245 1285 647 1325 mercarentur.
707 1264 1058 1347 Sapientibus
1089 1265 1289 1345 quietis
1318 1274 1374 1325 &
1415 1267 1526 1325 rei-

243 1347 476 1432 publicae
505 1370 633 1406 cura
654 1394 671 1419 ‚
704 1347 1001 1407 leviffimus
1037 1347 1268 1428 quisque
1292 1395 1309 1420 ,
1355 1358 1411 1409 &
1435 1347 1522 1409 fu-

245 1431 355 1492 turi
375 1430 724 1513 improvidus
748 1478 765 1502 ,
793 1430 885 1513 spe
920 1430 1061 1489 van&
1100 1452 1341 1493 tumens·
1361 1431 1522 1492 Mul-

243 1517 289 1575 ti
330 1513 548 1574 adflieca
584 1513 696 1572 fide
738 1515 797 1571 in
834 1535 967 1594 pace
992 1561 1008 1586 ‚
1053 1538 1113 1573 ac
1156 1514 1389 1574 turbatis
1431 1537 1523 1575 re·-

244 1600 348 1659 bus
372 1597 574 1656 alacres
597 1645 612 1669 ‚
637 1605 694 1656 &
728 1619 824 1678 per
856 1598 1067 1657 incerta
1093 1597 1360 1656 tutiffimi.

312 1683 638 1741 LXXXIX.
663 1683 771 1739 SED
794 1680 990 1763 vulgus
1011 1727 1028 1751 ‚
1053 1689 1109 1741 δε
1131 1679 1526 1763 magnitudine

246 1764 424 1825 nimia
461 1764 856 1823 communium
895 1786 1153 1823 curarum
1196 1785 1383 1844 expers
1420 1788 1524 1846 po·-

246 1847 405 1932 pulus
426 1895 442 1919 ,
465 1846 666 1907 sentire
690 1847 982 1928 paullatim
1007 1846 1145 1906 belli
1175 1847 1323 1905 mala
1343 1894 1359 1918 ,
1391 1871 1522 1906 con-

247 1930 402 1990 vers&
440 1932 500 1988 in
546 1930 797 1988 militum
841 1928 999 1989 usum
1043 1933 1203 1988 omni
1246 1930 1521 2012 pecunia,

246 2015 477 2074 intentis
504 2014 906 2073 alimentorum
931 2014 1148 2095 pretiis:
1173 2037 1293 2095 quae
1312 2060 1330 2085 ,
1360 2035 1522 2073 motu

247 2098 506 2158 Vindicis
537 2145 554 2170 ‚
597 2097 749 2156 haud
776 2096 1008 2178 perinde
1034 2096 1262 2179 plebem
1291 2097 1523 2155 attrive-

248 2202 372 2240 rant
396 2230 412 2253 ,
451 2179 638 2240 secur&
680 2202 803 2241 tum
840 2179 999 2240 Urbe
1025 2226 1041 2251 ‚
1091 2188 1149 2239 ὃ(
1194 2179 1522 2260 provinciali

246 2263 401 2325 bello
430 2311 447 2335 ,
500 2265 656 2344 quod
703 2265 848 2325 inter
899 2263 1148 2345 legiones
1200 2261 1519 2344 Galliasque

249 2348 403 2407 velut
431 2367 723 2406 externum
747 2347 869 2406 fuit.
909 2348 1059 2404 Nam
1083 2393 1099 2417 ,
1135 2368 1199 2404 ex
1223 2369 1336 2427 quo
1360 2346 1521 2406 divus

247 2430 524 2513 Augustus
548 2453 631 2490 res
655 2430 936 2489 Caesarum
960 2427 1297 2510 composuit,
1324 2429 1521 2512 procul

251 2523 309 2574 &
348 2516 407 2573 in
450 2514 610 2573 unius
646 2512 1084 2573 sollicitudinem
1109 2560 1125 2585 ,
1172 2535 1266 2572 aut
1308 2514 1474 2572 decus
1498 2560 1514 2586 ‚

250 2597 482 2681 populus
509 2599 799 2660 Romanus
829 2596 1149 2659 bellaverat.
1197 2596 1310 2657 Sub
1337 2595 1522 2661 Tibe-.-
