1714 2961
245 132 856 206 HISToRlARU'M
912 143 1080 200 L113.
1130 141 1172 199 I.
1279 162 1351 220 45

79 244 253 330 jubet.
280 244 459 327 Igitur
481 240 688 300 milites
705 241 987 310 Romani,
1011 240 1159 320 quasi
1181 241 1361 302 Volo-

82 327 250 412 gesen
275 376 292 401 ,
323 347 415 386 aut
442 329 715 383 Pacorum
734 369 752 395 ‚
795 323 943 390 avito
966 322 1360 386 Arsacidarum
1388 324 1437 365 A.
1459 324 1508 360 U·
1529 319 1579 361 C.

81 411 223 472 solio
277 405 556 490 depulsuri
597 453 615 479 ,
671 429 733 465 ac
785 429 902 464 non
954 409 1360 489 Imperatorem
1434 398 1540 441 8²²·

82 494 244 557 suum
276 540 294 566 ,
349 493 632 550 inermem
681 498 739 550 &
788 488 982 549 senem
1016 538 1034 563 ,
1086 492 1362 553 trucidare
1426 478 1462 518 J·
1495 477 1547 518 C.

82 596 381 662 pergerent
412 623 429 647 ‚
481 572 709 654 disjedffi
763 572 928 656 plebe
966 620 983 645 ,
1043 574 1365 656 proculcato
1451 553 1530 601 ⁶9⁸

80 659 275 721 senatu
295 706 311 732 ,
334 679 514 718 truces
538 658 706 715 armis
724 703 740 728 ‚
765 656 969 738 rapidis
994 659 1150 738 equis
1174 657 1364 720 forum
1436 666 1439 668 ’

80 744 450 825 inrumpunt:
488 763 593 800 nec
624 739 752 798 illos
777 739 1052 822 Capitolii
1080 740 1323 824 aspedhis
1347 790 1365 816 ,

84 835 145 888 &
173 823 607 885 imminentium
639 822 986 906 templorum
1016 823 1215 908 religio
1244 873 1262 899 ,
1308 836 1368 887 &

85 910 296 995 priores
319 917 376 969 &
401 905 575 967 futuri
599 908 882 990 Principes
910 927 1155 969 terruere
1175 957 1192 982 ,
1228 933 1368 991 quo-

85 993 274 1054 minus
321 990 572 1052 facerent
620 989 793 1052 scelus
822 1037 840 1064 ,
895 998 1047 1074 cujus
1095 992 1244 1053 ultor
1292 995 1368 1055 est

79 1074 331 1160 quisquis
361 1073 622 1135 succeffit.

165 1161 321 1220 XLI.
345 1160 498 1218 V1so
534 1155 791 1224 cominus
815 1178 1163 1217 armatorum
1185 1160 1371 1242 agmi-

85 1266 178 1316 ne,
192 1241 508 1302 vexillarius
524 1241 844 1299 comitantis
861 1240 1106 1300 Galbam
1125 1244 1370 1305 cohortis

86 1326 403 1405 (oeAtilium
429 1324 829 1406 Vergilionem
861 1321 1071 1384 fuisse»
1099 1327 1367 1406 tradunt)

86 1410 382 1494 dereptam
412 1407 607 1468 Galbae
635 1409 951 1491 imaginem
983 1407 1102 1468 solo
1137 1411 1370 1483 adflixit.

84 1497 166 1556 Eo
193 1493 347 1578 figno
378 1489 671 1553 manifesta
694 1492 754 1550 in
778 1493 1081 1553 Othonem
1103 1496 1371 1555 omnium

86 1577 338 1639 militum
379 1576 555 1637 studia
592 1624 609 1650 ‚
663 1574 949 1637 desertum
1000 1575 1133 1661 fuga
1177 1579 1373 1663 populi

87 1660 278 1724 forum
297 1710 314 1736 ‚
337 1660 592 1722 destrifflm
612 1659 874 1721 adversus
896 1660 1219 1723 dubitantes
1243 1662 1373 1724 tela.

87 1747 254 1811 Juxta
279 1746 470 1806 Curtii
505 1743 690 1805 laeum
718 1792 734 1816 ,
777 1745 1155 1828 trepidatione
1183 1745 1374 1807 feren-

90 1830 238 1888 tium
272 1830 455 1889 Galba
489 1833 764 1912 projecstus
802 1852 832 1888 e
868 1828 1000 1888 sella
1023 1877 1040 1902 ,
1080 1855 1142 1889 ac
1166 1853 1374 1913 provo⁴

90 1911 237 1971 lutus
262 1915 351 1972 est.
395 1915 720 1972 Extremam
752 1918 867 1990 ejus
897 1935 1098 1971 vocem
1118 1960 1135 1984 ,
1171 1934 1232 1973 ut
1252 1914 1375 1973 cui-

89 2018 201 2076 que
243 1995 443 2054 odium
471 2041 488 2067 ‚
535 2017 630 2054 aut
675 1993 978 2053 admiratio
1022 1993 1131 2054 fuit
1158 2044 1176 2068 ‚
1223 1998 1373 2057 varie

90 2077 409 2162 prodidere.
480 2078 599 2137 Alii
627 2076 945 2159 suppliciter
973 2078 1334 2163 interrogasse
1355 2128 1374 2154 ‚

99 2188 136 2214 oe
152 2161 291 2243 quid
312 2160 451 2221 mali
473 2160 760 2223 meruiffet
779 2166 843 2221 »ἓ
869 2189 902 2213 ec
917 2185 1119 2245 paucos
1140 2164 1259 2224 dies
1283 2188 1376 2225 ex-

91 2243 404 2306 aesolvendo
430 2245 746 2306 donativo»
779 2244 1158 2326 deprecatum.
1184 2248 1373 2309 Plures

41 2366 47 2373 ·
93 2326 352 2388 obtulisse
411 2329 560 2389 ultro
619 2327 1018 2411 percussoribus
1073 2331 1330 2413 jugulum
1355 2379 1372 2402 ‚

104 2432 383 2493 oeagerent
417 2436 478 2472 ac
514 2412 786 2483 ferirent,
829 2411 868 2470 sl
907 2413 985 2472 ita
1022 2436 1053 2473 e
1089 2412 1375 2493 republica

92 2494 422 2557 »videretur
441 2524 475 2547 ω
543 2499 678 2555 Non
705 2493 960 2556 interfuit
987 2496 1374 2555 occidentium

38 2593 45 2598 ’
93 2578 238 2662 quid
283 2578 511 2638 diceret.
580 2580 675 2639 De
722 2577 1032 2662 percuffote
1082 2602 1196 2638 non
1251 2579 1374 2641 satis
