1659 2928
233 110 340 166 5¹2
456 89 533 144 IN
582 86 887 144 L113RUM
937 106 1304 161 QUARTvM

224 183 355 232 noxii
384 197 532 231 erant.
558 182 672 231 Inde
692 183 898 232 laudatus
924 183 1057 234 Otho
1077 184 1266 235 Vaenius
1282 223 1294 246 ,
1316 183 1499 250 pieta-3
1539 173 1572 215 ³,-

221 254 328 297 artis
353 247 428 296 sua
457 247 580 296 fama
609 249 776 298 nobilis
799 287 812 310 ,
845 255 890 298 &
914 249 1135 316 discipulo
1157 251 1237 299 suo
1258 251 1310 299 P.
1325 250 1377 299 P.
1397 250 1499 298 Ru·-

224 315 335 362 bens
367 313 665 363 nobiliffimus
683 354 695 376 ‚
727 318 966 365 materiam
990 315 1173 381 sumpsit
1190 317 1283 365 hoc
1298 315 1504 365 Batavo·
1539 342 1546 350 ι
1580 356 1584 368 .

219 398 322 428 rum
365 397 464 428 cum
503 379 729 430 Romanis
764 381 924 431 bellum
957 422 972 444 ,
1022 381 1120 431 fuse
1165 400 1192 431 a
1234 382 1402 431 Tacito
1449 382 1501 428 in
1546 386 1551 408 ³
1612 392 1613 397 ’

222 444 537 494 Historiarum
569 447 693 495 libris
726 447 799 497 IV
830 455 875 496 &
911 448 959 498 V
993 447 1265 514 descriptum
1287 486 1300 508 ,
1335 447 1499 496 tabulis
1541 439 1548 466 '³

228 513 416 579 triginta
436 511 506 560 sex
529 513 843 577 exprimendi,
869 531 981 581 quas
997 514 1229 563 Antonius
1248 513 1508 578 Tempesta
1524 541 1528 546 ,
1586 543 1588 549 ,

224 587 316 627 'aere
344 578 520 626 incidit.
552 579 657 626 Illas
678 578 709 625 fi
729 577 1008 644 inspexerint
1031 587 1076 628 &
1099 598 1202 628 cum
1223 581 1377 629 Taciti
1398 595 1508 626 nar-

230 647 408 692 ratione
427 645 703 692 contulerint
723 648 805 692 viri
825 648 988 694 artium
1007 647 1330 713 literarumque
1349 645 1479 711 periti
1495 680 1510 704 ‚
1547 659 1557 714 -ζ
1657 667 1659 712 3

235 727 380 758 artem
403 710 592 777 quidem
609 709 817 759 Othonis
829 711 981 762 Vaenii
1001 713 1272 773 laudabunt,
1291 711 1510 760 Tacitum
1547 744 1550 746 -
1588 734 1592 756 ·.

234 773 345 825 ver&
369 774 660 842 summopere
684 775 954 842 suspicient,
991 785 1035 825 &
1069 779 1195 845 quod
1225 778 1377 826 multis
1408 778 1509 824 aliis
1554 794 1557 798 ‘
1582 772 1593 820 :¹
1658 816 1659 825 ,

234 845 520 909 argumentis
550 835 841 890 manifestum
863 882 877 903 ,
910 861 1047 910 atque
1076 863 1155 893 ore
1182 845 1393 892 omnium
1413 843 1509 905 jarn
1552 843 1556 846 ’

234 910 560 975 pervulgatum
579 909 639 955 est
659 947 672 968 ‚
698 927 803 956 eum
824 926 1071 958 maxzmum
1097 909 1390 975 antiquitatis
1407 909 1514 970 pic-
1558 907 1569 932 ’·
1588 926 1599 942 =¹

234 990 375 1023 torem
401 974 728 1039 praedicabuut.
775 974 991 1024 Vaeniani
1023 992 1174 1024 autem
1206 977 1387 1042 operis,
1420 991 1513 1039 pro
1568 980 1601 1017 ἕ»,

235 1039 315 1089 sua
337 1040 646 1100 humanitate,
678 1046 721 1087 δε
739 1040 969 1089 immensis
989 1080 1002 1102 ‚
1032 1043 1193 1108 quibus
1217 1044 1265 1089 in
1285 1041 1376 1089 hoc
1394 1057 1515 1106 prae-
1601 1078 1603 1082 ,

239 1105 481 1154 clariffimo
502 1108 665 1154 artium
686 1124 856 1174 genere
877 1107 1091 1156 exuberat
1107 1107 1270 1173 opibus
1285 1146 1300 1168 ,
1326 1108 1516 1171 copiam
1571 1122 1573 1126 ⁴
1603 1111 1605 1115 ⁴

237 1173 372 1220 nobis
391 1171 512 1221 fecit.
533 1171 608 1221 Cl.
631 1172 869 1236 Mariette3
891 1173 979 1222 hac
1002 1176 1049 1221 in
1070 1192 1118 1223 re
1133 1213 1145 1235 ‚
1163 1190 1209 1222 ut
1227 1176 1276 1222 in
1293 1173 1391 1222 aliis
1415 1172 1516 1239 plu-

239 1240 367 1288 rimis
393 1277 405 1298 ‚
438 1239 494 1287 de
521 1239 684 1286 nostris
711 1239 863 1288 studiis
890 1237 1066 1306 optime
1095 1242 1296 1288 meritus.
1571 1291 1579 1296 Q

308 1303 400 1354 Per
431 1303 747 1354 Britanniam.
801 1305 924 1356 Vide
956 1306 1078 1355 Hist.
1109 1307 1155 1354 II
1171 1345 1185 1369 ,
1219 1325 1297 1365 27.
1337 1308 1382 1352 &
1416 1302 1517 1356 Vix.

241 1370 407 1438 AgriC.
436 1370 559 1436 Cap.
592 1375 646 1418 18
671 1377 716 1420 &
748 1378 825 1434 36.
1588 1412 1592 1434 ζ

308 1435 454 1487 Arma
482 1438 690 1502 equoflgue
720 1439 942 1487 retinens.
986 1437 1174 1503 Nempe
1197 1438 1348 1503 patrio
1371 1434 1517 1484 nandi
1578 1470 1584 1476 -

241 1502 351 1562 usu,
373 1502 415 1550 se
453 1521 509 1550 ue
535 1509 579 1551 &
601 1521 730 1552 arma
752 1510 797 1552 &
817 1522 960 1573 equos
986 1505 1241 1553 retinebant
1258 1542 1270 1563 ‚
1301 1503 1518 1551 utvidere
1590 1502 1594 1539 {

244 1570 309 1616 est
344 1571 393 1616 in
420 1520 527 1618 (isit.
565 1571 728 1636 Agric.
769 1570 896 1636 Cap.‘
930 1576 986 1618 18
1008 1608 1021 1630 ‚
1055 1569 1332 1635 integrisque
1362 1570 1520 1616 turmis
1588 1581 1596 1595 ’

243 1634 460 1685 Rhenum
478 1636 850 1700 perrumpebant.
883 1637 986 1696 Sic,
1013 1636 1258 1683 Hadriano
1273 1634 1518 1699 Principe,
1587 1662 1590 1663 ν

247 1704 421 1767 equites
450 1702 609 1749 Batavi
637 1702 797 1748 Istrum
817 1740 829 1761 ,
861 1701 900 1749 Ze
929 1700 1159 1759 Danube,
1191 1715 1350 1748 natatu
1377 1698 1526 1755 transs-⁴

247 1766 405 1816 misere
425 1805 438 1827 ‚
470 1767 593 1832 apud
621 1767 830 1815 Dionem
860 1765 1028 1815 LXIX
1049 1805 1062 1827 ‚
1095 1783 1207 1832 pag.
1235 1784 1348 1824 792.

314 1831 627 1895 Perrumpere.
659 1834 821 1882 Suetus
845 1850 1159 1899 perrumpere.

317 1963 444 2013 CAP.
474 1965 609 2012 XIII.
645 1963 866 2014 Claudius
892 1962 1072 2017 Civilis.
1109 1963 1255 2016 Julius
1277 1962 1458 2012 Paullus
1480 1969 1528 2014 ὃ(
1581 2015 1587 2017 ,

251 2030 474 2079 Claudius
521 2031 682 2079 Civilis
710 2071 722 2092 ‚
766 2031 923 2078 fratres
950 2049 964 2091 3
1019 2046 1066 2077 ut
1112 2030 1361 2078 videbimus
1407 2029 1527 2079 infra
1578 2028 1579 2031 ¹

253 2096 376 2161 Cap.
404 2114 478 2159 32.
512 2098 673 2146 Civilis
700 2109 851 2145 autem
883 2096 1138 2161 appellatus
1168 2099 1229 2143 est
1259 2095 1405 2148 Julius
1435 2095 1526 2144 Ci-
1584 2144 1585 2147 ,

251 2164 353 2209 vilis
378 2160 510 2226 supra
527 2163 647 2211 Hist.
662 2164 683 2211 I
699 2203 711 2224 ,
735 2179 809 2222 59.
833 2161 971 2210 Forte
992 2161 1116 2228 quud
1134 2162 1280 2215 Julius
1299 2161 1521 2210 Claudius

254 2227 418 2276 Civilis
446 2228 667 2278 diceretur
689 2249 699 2276 :
734 2227 810 2277 hic
836 2234 943 2276 ver&
971 2230 1192 2277 omittitur
1212 2227 1358 2281 Julius
1376 2264 1390 2287 ,
1419 2230 1529 2295 quia

252 2295 346 2356 J‘am
370 2296 632 2343 nominatus
651 2295 798 2347 Julius
821 2294 1021 2341 Paullus.

308 2357 539 2409 -Fomeius
563 2359 743 2419 Capito.
780 2359 1044 2408 Germaniae
1064 2357 1292 2407 inferioris
1319 2358 1493 2425 legatus
1507 2373 1532 2425 ᾗ
1587 2335 1590 2378 ἶ

255 2424 313 2473 de
373 2443 432 2472 uo
460 2423 591 2490 supra
613 2425 733 2473 Hist.
752 2426 776 2473 I
793 2464 806 2486 ‚
834 2443 880 2482 7.

373 2489 474 2538 diit.
505 2491 627 2541 Vide
646 2491 768 2540 Hist.
800 2491 845 2538 II
867 2530 879 2552 ,
921 2505 998 2550 59.

319 2553 749 2628 Dehonegstamenw.
783 2557 959 2625 Captus
980 2574 1074 2610 uuo
1096 2557 1249 2609 oculo.
1281 2556 1359 2608 De
1376 2554 1526 2621 Han}
1584 2532 1593 2629 ''-
