1659 2928
202 146 320 200 492
462 122 547 182 IN
591 125 891 184 LtssRuM
938 143 1272 186 TERTIUM

207 225 352 275 Vetus
398 222 670 273 Scholiastes
701 242 711 270 :
751 221 954 284 pullati;
993 223 1040 272 id
1080 225 1138 289 est
1157 264 1170 286 ,
1200 243 1298 274 cum
1329 225 1485 292 nigssfs‘

206 291 397 344 remus
429 289 652 355 lugentes.
692 288 768 336 De
794 289 861 336 his
888 289 1064 339 Vitellii
1097 289 1313 356 supremis
1345 295 1481 358 plura

210 352 312 407 vide
335 356 457 420 apud
478 356 750 405 Suetonium
770 357 820 403 in
840 355 998 406 Vitell.
1026 356 1147 422 Cap.
1177 374 1248 417 15.

279 420 328 473 V
326 422 417 470 elut
431 422 477 471 in
489 421 730 484 funebrem
741 438 964 482 pompam.
981 422 1168 471 Lefficfz
1185 422 1489 473 efferebantur

209 491 395 537 mortui.
446 488 568 539 Vide
593 486 963 536 Kirchmannum
982 526 996 549 ,
1033 489 1088 537 de
1113 488 1364 539 Funeribus
1385 491 1485 539 Ro-

211 573 338 607 man.
362 555 406 602 II
429 593 441 615 ,
468 573 516 611 9.

278 685 403 734 CAP.
442 683 671 736 LXVIII.
713 684 911 753 Infidiae.
945 685 1068 738 Vide
1101 686 1486 752 Supplementum

211 752 388 802 Annal.
417 751 534 801 VIII
557 791 569 811 ‚
607 757 682 800 68.

280 817 491 885 Ignotzzm
520 834 613 867 ruS.
647 818 740 867 Rus
761 817 981 867 Phaontis
999 857 1010 878 ‚
1030 817 1194 866 liberti.
1217 817 1342 870 Vide
1360 819 1487 884 Sap-2

212 887 499 952 plementum
523 883 696 931 Annal.
715 884 836 935 XVI
856 924 867 945 ‚
900 890 959 942 84
985 890 1027 931 δέ
1052 889 1128 933 86.

281 949 514 1000 Cecidere.
550 949 699 1015 Supra}
728 951 848 999 Hist.
872 951 892 997 I
912 989 924 1009 ,
957 969 1019 1008 40
1040 957 1083 998 δε
1113 949 1240 1018 seqq.

282 1015 500 1066 Locutus.
534 1014 574 1063 E
595 1018 746 1065 rostris
763 1055 776 1079 ,
811 1019 860 1064 in
882 1016 985 1064 foro
1007 1016 1223 1065 Romano
1245 1054 1257 1078 ,
1297 1031 1345 1065 ut
1365 1027 1495 1081 patet

212 1100 272 1132 ex
300 1084 470 1147 Capite
495 1101 572 1140 70.

285 1147 484 1213 Confizli.
520 1146 713 1197 Consuli
738 1146 941 1196 suffeffm.
986 1147 1063 1196 De
1089 1148 1223 1210 hujus
1243 1150 1353 1197 anni
1373 1164 1494 1196 con-

216 1214 382 1266 sulibus
405 1215 576 1264 diolmn
601 1213 731 1279 suprzi
755 1217 803 1262 in
824 1214 962 1262 Notis
987 1214 1044 1262 ad
1068 1215 1187 1263 Hist.
1209 1216 1229 1262 I
1248 1254 1260 1276 ,
1290 1233 1369 1273 77.

283 1281 339 1330 In
380 1280 475 1330 aede
508 1279 793 1331 Concordiae.
850 1280 961 1329 Hoc
1013 1282 1236 1347 templum
1280 1283 1329 1330 in
1373 1280 1495 1329 clivo

217 1347 494 1413 Capitolino
516 1387 528 1408 ‚
565 1351 716 1413 p'rope
747 1364 902 1395 arcum
933 1348 1144 1412 Septimii
1179 1348 1366 1396 Severi:
1403 1344 1494 1393 ab·

218 1413 448 1479 sumptum
480 1414 704 1462 incendiis
744 1413 1022 1478 Capitolinis
1051 1453 1065 1475 ,
1113 1416 1360 1461 restitutum
1399 1412 1460 1461 est
1480 1447 1499 1472 ‚

218 1496 267 1530 ut
296 1482 509 1530 testantur
543 1478 793 1545 superstites
828 1481 1030 1546 reliquiae
1063 1486 1107 1527 ὃς
1138 1478 1408 1545 Inscriptio:

347 1562 594 1596 SENATVS.
629 1562 990 1602 POPVLVSQVE.
1027 1562 1286 1594 ROMANVS

350 1628 604 1661 mcENmo
639 1627 1007 1660 CONSVMPTVM
1044 1625 1332 1660 RESTITVIT

219 1675 330 1739 Ejus
362 1678 524 1726 rudera
561 1676 664 1725 vide
697 1676 820 1741 apud
853 1676 929 1724 Cl.
962 1675 1159 1723 Piranefi
1189 1715 1200 1734 ‚
1252 1672 1496 1724 Antichitcz

219 1743 423 1792 Romane
443 1783 458 1806 ‚
491 1743 635 1791 Tom.
661 1743 683 1789 I
703 1781 715 1803 ‚
749 1758 859 1807 pag.
888 1758 940 1804 33
974 1747 1018 1789 &
1038 1741 1159 1790 Tab.
1179 1739 1395 1790 XXXII.
1496 1742 1509 1754 ”

288 1808 570 1873 Domumque
602 1807 792 1871 fratris,
832 1806 957 1856 Foro
987 1810 1306 1855 imminentem
1329 1845 1342 1867 ,
1378 1806 1497 1854 vici·
1553 1843 1557 1850 .

222 1893 425 1944 namque
442 1877 526 1924 aedi
539 1874 831 1933 Concordiae,
850 1889 896 1921 ut
908 1892 1017 1921 mox
1031 1873 1282 1921 videbimus
1301 1891 1400 1938 cap.
1418 1890 1497 1929 70.

288 1943 485 1992 Sacram
514 1942 653 1991 viam.
689 1940 806 2005 Quae
830 1940 887 1988 ab
918 1940 1011 1989 aede
1035 1939 1309 1990 Concordiae
1337 1946 1380 1987 &
1403 1938 1499 1992 Cas

223 2010 389 2077 pitolio
416 2009 469 2059 ad
496 2009 720 2075 palatium
750 2005 957 2056 ducebat.

293 2140 417 2189 CAP.
445 2139 629 2188 LXIX.
673 2138 813 2188 Circa
857 2137 1003 2186 lacum
1045 2135 1273 2187 Fundani.
1320 2124 1501 2186 Lacum

226 2208 412 2275 quidem
436 2205 714 2256 Fundanum
734 2243 745 2265 ‚
782 2221 905 2252 nunc
931 2204 1061 2269 Lago
1088 2203 1133 2252 di
1153 2202 1305 2252 Fundi
1328 2241 1342 2260 ‚
1379 2203 1501 2252 dans·

225 2274 275 2322 Ia
311 2288 428 2321 terre
463 2271 515 2320 de
551 2271 737 2320 Laboztr
762 2308 778 2328 ,
822 2285 1048 2318 memorat
1087 2269 1259 2318 Plinius
1295 2269 1394 2330 III‘,
1440 2284 1462 2328 5
1485 2307 1500 2330 ,

226 2340 329 2388 secst=
358 2357 404 2395 9.
441 2336 505 2385 At
533 2339 655 2385 lacus
680 2335 927 2395 Fundani,
960 2337 1015 2384 de
1046 2352 1139 2402 quo
1171 2351 1295 2383 nunc
1315 2337 1463 2399 agitur
1485 2373 1500 2396 ‚

225 2407 289 2454 est
321 2406 513 2453 omnino
547 2401 739 2452 diversus
765 2423 775 2451 ς
812 2404 847 2449 is
882 2404 1008 2452 enim
1035 2400 1118 2449 fuit
1147 2404 1196 2449 in
1225 2401 1324 2466 ipsfi
1337 2400 1467 2448 Urbe
1487 2438 1503 2461 ‚
1588 2442 1598 2469 k

229 2478 273 2518 δε
299 2509 310 2530 ,
349 2487 395 2519 ut
433 2470 607 2518 videtur
638 2508 650 2530 ,
687 2472 735 2517 in
776 2483 932 2520 monte
971 2467 1237 2533 Quirinali,
1280 2465 1421 2514 hodie.
1457 2464 1501 2514 Ie

229 2535 488 2601 Quirinal,
527 2538 597 2584 vel
635 2534 798 2587 Monte
840 2532 1034 2583 Cavallo
1056 2571 1070 2594 ,
1113 2551 1190 2582 aut
1213 2533 1320 2580 huic
1350 2533 1499 2580 monti

231 2599 349 2655 certe
387 2604 580 2657 vicinus.
627 2602 697 2654 Ibi
727 2616 930 2669 repertus
962 2615 1086 2653 vetus
1117 2601 1236 2668 lapis
1269 2615 1372 2654 cum
1399 2594 1502 2650 Ins-2
