1714 2961
269 129 352 198 46
469 120 543 178 C.
584 119 1026 179 CORNELII
1075 120 1372 181 TAC1T1

254 239 258 242 ’
274 223 511 283 constat:
527 219 762 302 quidam
773 218 1169 292 «Terentium,
1185 241 1481 280 evocatum
1496 243 1556 280 »ε

58 312 112 355 A·
135 314 180 350 U·
203 311 255 352 c,
275 307 369 367 alii
399 305 755 366 «Lecanium
775 333 808 357 ω
832 327 845 361 :
872 302 1117 363 crebrior
1142 301 1296 363 fama
1320 307 1555 366 tradidit

103 388 214 429 822.

93 467 135 508 J.
165 466 217 508 C.

118 546 196 593 69·

283 421 317 446 cc
332 391 672 451 Camurium
685 437 702 461 ‚
725 386 1169 470 quintaedecimae
1189 387 1428 472 legionis
1450 392 1557 450 mi-

272 476 480 536 aelitem
503 522 518 547 ‚
558 470 823 556 impresso
855 470 1047 554 gladio
1073 519 1092 546 ‚
1133 472 1391 556 jugulum
1438 481 1557 558 ejus

269 557 543 620 »hausisse
559 588 617 617 υ.
643 557 841 616 Ceteri
861 577 1018 615 crura
1041 554 1380 639 brachiaque
1400 562 1558 636 (nam

271 649 461 728 pectus
488 637 817 726 tegebatur)
851 637 1003 700 foede
1026 638 1304 702 laniavere
1331 667 1344 700 ε
1381 641 1559 725 plera-

267 752 379 812 que
408 726 640 788 vulnera
665 772 681 797 ‚
722 722 944 785 feritate
974 732 1031 784 δε
1063 722 1265 786 [κνίῑὶὲι
1288 772 1307 801 ,
1354 746 1555 787 trunco

267 821 384 897 jam
415 812 636 894 corpori
664 809 896 892 adjecta.

360 899 547 956 XLII.
591 897 806 954 T1TUM
836 893 971 952 inde
997 893 1242 953 Vinium
1268 891 1515 955 invasere
1541 919 1554 952 ι

272 979 346 1040 de
374 1002 489 1063 quo
518 987 576 1039 ὃς
607 976 725 1062 ipso
762 976 1071 1058 ambigitur
1093 1024 1110 1050 ,
1153 976 1556 1061 consumpserit:

272 1087 345 1125 ne
373 1086 575 1123 vocem
601 1070 716 1145 ejus
747 1061 948 1119 instans
975 1082 1159 1120 metus
1181 1109 1198 1134 ,
1238 1086 1308 1121 an
1335 1062 1556 1145 procl&-

270 1148 512 1209 maverit
538 1195 555 1219 ‚
605 1175 638 1199 oc
659 1168 774 1205 non
811 1142 918 1205 effe
949 1143 1019 1203 ab
1049 1146 1288 1206 Othone
1319 1146 1557 1206 manda-

268 1255 441 1293 aarum
467 1280 483 1304 ‚
518 1252 579 1291 ut
608 1229 1033 1290 occideretur».
1074 1229 1251 1304 Quod
1277 1228 1371 1288 seu
1396 1229 1557 1290 finxit

270 1316 586 1390 formidine
607 1364 623 1389 ‚
660 1313 755 1374 seu
785 1310 1126 1372 conscientia
1153 1314 1556 1396 conjurationis

268 1398 545 1461 confeffus
567 1401 667 1459 est:
687 1399 795 1457 huc
816 1395 1000 1478 potius
1018 1404 1133 1477 ejus
1152 1398 1267 1457 vita
1287 1397 1554 1480 famaque

270 1485 506 1546 inclinat
525 1533 541 1557 ‚
565 1505 626 1544 ut
650 1480 899 1542 conscius
921 1479 1141 1540 sceleris
1163 1480 1335 1542 fuerit
1357 1530 1373 1554 ,
1402 1492 1556 1564 cujus

270 1569 427 1630 causa
455 1589 588 1629 erat.
637 1567 792 1627 Ante
818 1565 998 1624 aedem
1030 1565 1148 1624 divi
1175 1567 1209 1630 J
1214 1568 1314 1625 ulii
1342 1569 1513 1647 jacuit
1536 1617 1554 1641 ,

270 1655 456 1737 primo
498 1655 611 1712 ictu
654 1652 714 1709 in
757 1650 1070 1734 poplitem,
1116 1673 1250 1709 mox
1291 1650 1363 1710 ab
1401 1652 1555 1713 Julio

268 1732 422 1797 Caro
447 1786 464 1810 ‚
517 1736 828 1819 legionario
874 1733 1057 1794 milite
1091 1780 1109 1805 ,
1155 1735 1216 1793 in
1250 1757 1556 1819 utrumque

268 1822 411 1882 latus
450 1819 937 1881 transverberatus,
1546 1835 1549 1837 ’

362 1908 574 1966 XLIII.
612 1909 901 1963 INSIGNEM
936 1899 1032 1960 illa
1061 1900 1154 1961 die
1182 1901 1368 1961 virum
1394 1904 1556 1963 Sem-

274 1991 540 2072 pronium
565 1985 825 2047 Densum
852 2005 976 2044 aetas
1002 1987 1184 2045 nostra
1211 1986 1372 2046 vidit.
1395 1989 1556 2046 Cen-

275 2074 422 2132 turio
458 2074 501 2131 is
538 2071 800 2155 praetoriae
836 2069 1081 2128 cohortis
1106 2117 1122 2141 ‚
1166 2093 1197 2127 a
1224 2068 1408 2129 Galba
1436 2070 1558 2130 cus-

275 2157 441 2217 todiae
477 2155 687 2217 Pisonis
729 2154 951 2214 additus
976 2201 992 2226 ,
1039 2154 1222 2213 stricto
1262 2154 1509 2236 pugione
1536 2203 1553 2228 ‚

276 2264 569 2301 occurrens
593 2239 816 2299 armatis
841 2287 858 2310 ,
899 2247 957 2299 δε
979 2236 1150 2298 scelus
1176 2238 1512 2320 exprobrans
1536 2289 1554 2312 ‚

276 2349 339 2385 ac
375 2325 551 2384 modo
587 2347 797 2396 manu,
841 2321 1019 2381 modo
1057 2346 1194 2382 voce
1216 2370 1232 2395 ,
1277 2324 1554 2383 vertendo

277 2410 337 2467 in
367 2408 420 2469 se
450 2405 784 2492 percuffores
813 2455 828 2479 ‚
874 2429 1221 2488 quamquam
1259 2406 1553 2466 vulnerato

276 2491 461 2552 Pisoni
477 2491 748 2575 effugium
766 2489 943 2550 dedit.
961 2489 1083 2549 Piso
1102 2491 1160 2548 in
1179 2489 1356 2549 aedem
1373 2492 1551 2551 Vestae

274 2576 505 2658 pervasit
521 2625 538 2649 ,
558 2574 924 2661 exceptusque
942 2573 1320 2636 misericordia
1339 2574 1550 2656 publici
