1670 2961
253 173 330 227 86
447 165 516 224 C.
561 165 999 226 CORNELII
1046 167 1343 228 ΤΑειτῐ

32 287 225 329 εξ
247 265 476 325 :omibus
512 273 570 326 &
597 266 755 326 testis
777 313 793 338 ‚
834 275 892 327 &
929 269 1191 351 congestu
1227 268 1523 351 lapidumg

28 342 220 389 A.U;C.

69 416 178 458 822.

60 486 100 527 L
139 490 189 530 C.

74 557 154 606 69.

247 352 427 410 »stare
455 349 679 409 creditis
706 353 726 408 ?
755 351 924 409 Muta
949 353 1045 410 ista
1075 360 1133 411 &
1159 352 1410 411 inanima
1431 354 1524 411 in·-

243 434 561 494 mtercidere
584 482 602 506 ,
647 457 708 492 ac
742 437 980 516 reparari
1014 434 1327 518 promiscua
1358 435 1522 495 sunt:

241 518 560 578 maeternitas
591 539 818 588 rerum,
859 525 916 577 &
960 541 1064 600 pax
1114 520 1373 601 gentium
1398 566 1416 591 ‚
1465 527 1526 579 δε

235 625 410 662 »mea
474 623 606 659 cum
667 598 839 658 vestra
879 598 1020 659 salus
1048 647 1065 672 ‚
1130 602 1524 661 incolumitate

234 681 496 746 „senatus
527 683 800 741 firmatur.
843 685 1010 742 Hunc
1044 683 1320 766 auspicato
1351 709 1382 743 a
1425 709 1525 767 pa-

237 789 442 828 mrente
488 776 545 828 δε
587 766 882 825 conditore
919 767 1092 826 Urbis
1145 770 1335 825 nostrae
1373 769 1528 826 insti-

236 873 471 912 aetutum
491 897 508 923 ,
539 859 596 910 &
622 875 653 909 a
677 850 901 933 regibus
937 849 1108 931 usque
1132 851 1204 910 ad
1242 853 1525 935 Principes

235 936 618 995 „continuum
658 981 675 1006 ,
729 942 787 993 &
832 933 1222 994 immortalem
1251 981 1269 1007 ,
1323 934 1459 995 ficut
1492 957 1524 993 a

234 1018 588 1100 »majoribus
634 1017 951 1099 accepimus
982 1065 999 1090 ‚
1043 1017 1112 1076 fic
1142 1019 1368 1101 posteris
1423 1040 1529 1079 tra—-

236 1104 498 1162 sudamus.
541 1102 692 1159 Nam
722 1121 784 1159 ut
816 1122 883 1159 ex
917 1100 1079 1159 vobis
1101 1099 1379 1162 senatores
1401 1150 1418 1175 ,
1449 1103 1528 1162 ita

231 1210 345 1248 :nex
367 1183 712 1245 senatoribus
740 1183 1024 1265 Principes
1057 1182 1354 1244 nascuntur
1375 1216 1436 1245 ω.

315 1269 622 1330 LXXXV.
651 1270 738 1326 EA
764 1268 946 1326 oratio
974 1267 1047 1326 ad
1072 1267 1530 1352 perstringendos

233 1350 682 1432 mulcendosque
714 1350 968 1410 militum
1001 1354 1222 1410 animos
1251 1399 1268 1425 ,
1294 1362 1351 1413 &
1374 1352 1530 1414 seve-

235 1437 414 1497 sitatis
463 1435 669 1494 modus
714 1438 940 1516 (neque
980 1435 1138 1494 enim
1189 1436 1249 1493 in
1300 1437 1528 1519 plure3‚

235 1521 411 1603 quam
449 1519 511 1577 in
543 1518 683 1579 duos
710 1518 1086 1577 animadverti
1112 1516 1370 1600 juffera't)
1402 1542 1529 1602 gra-

233 1607 289 1665 te
319 1624 576 1686 accepta,
612 1601 1020 1685 compositique
1044 1602 1116 1661 ad
1139 1600 1400 1685 praesens,
1425 1603 1526 1685 qui

235 1689 483 1748 coerceri
521 1710 638 1745 non
664 1705 940 1769 poterant.
973 1686 1108 1745 Non
1140 1706 1336 1747 tamen
1366 1688 1528 1768 quies

233 1771 411 1832 Urbis
451 1770 694 1831 redierat
722 1795 734 1828 z
762 1771 1015 1852 strepitus
1043 1769 1291 1830 telorum
1315 1817 1334 1842 ‚
1358 1779 1417 1830 &
1439 1769 1530 1830 fa-

233 1857 346 1915 cies
393 1853 533 1914 belli
571 1875 688 1913 erat
731 1877 744 1911 z
801 1852 1077 1913 militibus
1102 1901 1121 1926 ‚
1168 1874 1231 1912 ut
1272 1853 1416 1913 nihil
1461 1854 1527 1913 in

233 1961 544 1999 commune
581 1936 935 1997 turbantibus
975 1984 995 2009 ,
1049 1938 1129 1998 ita
1182 1935 1371 2020 sparsis
1424 1959 1527 2019 per

235 2024 471 2096 domm,
500 2020 723 2082 occulto
758 2020 987 2093 habim,
1029 2029 1088 2082 &
1116 2020 1367 2104 maligna
1392 2020 1523 2080 cura

232 2108 296 2167 in
321 2129 520 2166 omnes
539 2153 558 2178 ,
585 2128 726 2187 quos
759 2104 1022 2164 nobilitas
1040 2152 1059 2178 ,
1100 2125 1195 2163 aut
1220 2127 1354 2187 opes
1372 2151 1391 2176 ,
1430 2124 1527 2163 aut

234 2190 422 2272 aliqua
464 2188 693 2272 insignis
737 2188 1014 2249 claritudo
1058 2188 1379 2248 rumoribus
1421 2187 1526 2247 ob-

234 2282 460 2357 jecerat.
527 2272 868 2335 Vitellianos
901 2296 1128 2356 quoque
1169 2271 1380 2333 milites
1422 2294 1522 2333 ve-

236 2356 373 2418 nisse
406 2359 466 2417 in
501 2358 722 2419 Urbem
747 2407 764 2433 ,
801 2357 874 2418 ad
913 2357 1092 2418 studia
1119 2357 1362 2441 partium
1392 2353 1526 2414 nos-

239 2441 416 2503 cenda
441 2491 458 2516 ‚
488 2442 740 2524 plerique
777 2441 1097 2503 credebant.
1139 2441 1313 2501 Unde
1352 2439 1523 2523 plena

239 2527 433 2586 omnia
473 2525 845 2610 suspicionum
869 2575 885 2601 ‚
922 2535 981 2587 &
1026 2527 1118 2587 vix
1161 2524 1368 2586 secreta
1407 2524 1517 2581 do-

241 2632 440 2671 muum
485 2610 597 2676 fine
647 2610 955 2674 formidine
1007 2636 1019 2672 2
1064 2608 1159 2673 sed
1201 2609 1517 2694 plurimum·
