1659 2928
291 153 830 194 fflsroRrARUM
886 132 1135 194 No‘rAE.
1249 156 1363 218 395

36 231 208 300 ‚gpoffit
233 271 250 295 ,
283 235 415 298 qucim
449 232 611 282 bonum
636 231 927 298 succefforem
953 248 975 291 ;
1019 249 1101 282 nec
1145 249 1225 283 tua
1260 236 1368 299 plus

47 301 271 368 -··juventa
293 335 310 356 ,
347 302 479 362 qutim
509 297 670 347 bonum
704 298 994 359 Principem,
1027 298 1148 347 Hist.
1170 301 1216 362 1,
1256 311 1331 351 16.

50 384 67 411 .·
146 379 196 428 7.
232 363 308 411 Au
345 362 462 430 ustus
485 362 533 411 in
566 361 692 411 domo
702 361 999 428 succeſjorem
1019 365 1220 432 quaestvit
1239 407 1255 429 ‚
1281 386 1365 437 ego

78 429 133 484 ἰη
164 427 299 491 repub
323 429 396 478 icd
420 467 437 488 ,
471 427 594 476 Hist.
619 429 668 490 Ι,
701 444 774 489 15.

151 500 201 548 8.
223 492 347 544 Mihi
365 494 598 562 egregium
617 512 715 545 erat
737 493 826 545 Cn.
841 492 1043 556 Pompeii
1061 494 1111 544 C«
1132 495 1205 544 M.
1222 496 1365 565 Craffi

37 557 44 582 ²
66 561 266 632 jbbolem
288 561 337 610 in
357 577 551 625 penates
570 577 691 611 meos
713 560 980 627 adsciscet&
1009 560 1058 611 Cr·
1083 561 1166 612 tibi
1188 562 1273 630 inst
1306 583 1364 614 ne

54 642 65 650 ··
81 626 305 691 Sulpiciae
344 645 400 677 ac
430 626 636 679 Lutatiae
669 627 830 678 decora
857 627 1084 678 nobilitati
1110 643 1200 680 tuae
1230 582 1367 697 adie-

80 693 181 762 cg'ffe
204 733 221 753 ,
258 692 470 755 Hist.1‚
511 709 584 754 15.

44 821 45 824 Ἴ
148 758 417 809 Potentibus
437 759 640 826 infidum.
654 758 855 807 Infidum
877 758 1064 827 quidem
1084 760 1364 825 potentibus,

34 847 61 871 =.
79 824 192 876 edm
218 823 480 875 ambitiosos
505 825 563 874 ad
581 843 649 873 res
669 841 813 874 novas
837 824 1094 873 moliendas
1119 829 1332 876 excitent.

151 889 203 941 V
198 891 397 941 etabitur
426 891 605 955 semper
652 889 703 940 &¹
753 890 1037 941 retinebitur.
1082 889 1325 942 Vetabitur
1348 931 1366 955 ,

78 954 212 1026 quod
232 957 531 1006 exitiabilibus
553 956 785 1005 fraudibus
806 956 1055 1025 graffatur3
1077 958 1364 1021 retinebitur,

79 1021 213 1092 quod
243 1023 535 1072 blandissimis
558 1029 604 1071 &
628 1023 999 1073 desideratissimis
1064 1023 1254 1072 romiffis
1288 1026 1364 1076 le—

55 1100 58 1103 ’
79 1092 342 1143 nocinatur.
374 1089 511 1138 Plura
534 1089 638 1138 vide
660 1089 784 1155 apud
802 1090 1003 1140 Plinium
1080 1089 1180 1138 XX
1199 1129 1212 1152 ,
1245 1108 1286 1139 1.

149 1154 442 1206 Ptolemoeus.
475 1155 605 1206 Idem
637 1157 813 1205 videtur
834 1196 847 1219 ‚
879 1174 1018 1225 quem
1038 1157 1283 1206 Suetonius
1311 1158 1364 1206 in

83 1221 281 1272 Othone
301 1262 313 1284 ,
349 1222 470 1288 Cap.
502 1241 563 1283 4,
606 1223 812 1290 appellat
843 1222 1103 1273 Seleucum.
1156 1222 1281 1274 Vide
1318 1229 1366 1273 δε

78 1287 358 1346 Juvenalem
391 1288 487 1337 Sat.
514 1289 619 1351 VI,
658 1296 767 1350 556.
1160 1319 1163 1323 -

154 1353 358 1420 Obscura
381 1352 621 1405 credentis.
652 1355 731 1404 Sic
757 1353 902 1404 ferme
922 1353 1097 1404 Plinius
1116 1352 1270 1403 XXX
1286 1392 1300 1416 ‚
1325 1372 1367 1404 1.

89 1418 236 1471 Nullo
262 1440 351 1472 non
374 1419 506 1470 avido
521 1420 689 1484 futura
710 1420 765 1471 de
777 1421 834 1487 se
844 1420 1028 1488 sciendi
1049 1459 1068 1482 ,
1102 1435 1234 1486 atque
1260 1436 1315 1471 ea
1339 1438 1367 1473 e

80 1485 196 1538 caelo
223 1487 437 1556 veriffime
459 1487 552 1550 peti
581 1487 808 1539 credente.

122 1616 277 1694 ,(ΣΑΡ.
293 1616 482 1668 XXIII.
515 1618 597 1670 An
629 1636 810 1686 repens.
845 1617 927 1668 An
956 1634 1114 1671 recens
1132 1658 1148 1685 ,
1179 1637 1229 1673 ut
1251 1618 1373 1690 saepe

83 1683 458 1816 dicffiffirgffiiti·
491 1751 588 1802 Sub
609 1751 803 1802 Nerone
820 1750 1072 1817 Principe..

157 1880 284 1931 Cir.
305 1881 496 1934 XXIV.
535 1881 627 1934 Per
644 1881 846 1948 speciem
873 1879 1085 1933 convivii.
1121 1878 1250 1932 Bene
1286 1898 1372 1948 per

89 1946 297 2014 speciem
345 1952 547 1999 convivii
588 1968 604 2012 3
663 1967 835 2017 nempe
886 1947 1190 2014 sportularum
1244 1949 1372 1999 loco.

80 2016 317 2079 Sportulae
343 2018 469 2064 enim
489 2056 502 2077 ‚
529 2014 604 2064 seu
631 2016 720 2066 cibi
737 2054 750 2076 ‚
786 2015 1039 2064 dabantur:
1075 2032 1236 2063 eorum
1259 2016 1372 2065 loco

0 2107 3 2136 1
87 2098 307 2130 nummos
334 2083 469 2131 dabat
494 2080 644 2132 Otho.
687 2083 764 2132 Sic
796 2081 1037 2130 Marmora
1059 2081 1337 2132 Pisaurenfia
1354 2121 1372 2145 ,

1 2156 5 2163 '
90 2164 204 2216 pag.
239 2167 301 2198 20
322 2187 336 2210 ‚
371 2167 499 2198 nurn-
535 2168 615 2209 44.
656 2165 975 2199 SPORTVLAS.
1006 2164 1202 2200 DECVR.
1232 2165 1287 2198 x.
1316 2164 1373 2199 v.

88 2229 284 2274 ΠῈΜΩ.
318 2232 604 2265 conflens.
644 2232 699 2265 x.
731 2231 793 2264 11.
825 2231 1018 2265 PLEBEI.
1047 2231 1099 2263 x.
1125 2230 1162 2264 1.
1199 2215 1253 2265 Id
1277 2217 1374 2278 est,

88 2278 336 2343 Sportulas
356 2281 670 2332 decurionibus
690 2320 706 2344 ‚
728 2280 942 2332 denarios
962 2280 1136 2348 quinos.
1172 2280 1373 2347 Itemque

78 2344 302 2412 3‘collegiis
332 2347 544 2399 denarios
576 2348 704 2399 binos·
722 2387 738 2409 ,
767 2347 884 2411 plebi
918 2347 1150 2398 denarium
1183 2365 1337 2398 unum.

0 2423 6 2456 ί
83 2433 94 2443 ·’
161 2411 391 2463 Centenos
419 2432 634 2465 nummos.
673 2414 868 2466 Gallicae
891 2431 1089 2465 monetae
1116 2415 1195 2462 lib.
1223 2432 1297 2469 19.
1322 2411 1375 2463 ni

94 2475 214 2528 forte
250 2480 448 2528 rotundo
488 2500 681 2530 numero
716 2481 815 2531 usus
850 2482 985 2531 fuerit
1010 2480 1214 2529 Tacitus.
1234 2479 1377 2528 Teste

0 2554 3 2580 ²
75 2548 223 2604 *enirn
242 2547 427 2595 Suet.in
456 2546 677 2607 Othone,
707 2548 827 2612 Cap.
854 2567 899 2607 4.
933 2546 1109 2595 Aureos
1131 2543 1377 2594 excubanti

96 2611 270 2664 cohorti
299 2613 470 2667 viritim
495 2612 738 2667 dividebat.
767 2614 913 2664 Porro
934 2629 1122 2728 ἢιιῐευίἶ,
1158 2611 1376 2687 Principe

1153 2696 1196 2746 Vl
