1659 2928
213 116 322 186 398
454 108 538 164 IN
578 107 876 165 LIBRUM
923 125 1225 166 PR1MUM

209 207 374 253 tolinO.
411 201 583 252 Partim
620 205 715 267 ejus
757 204 990 254 ruderibus
1016 223 1141 255 nunc
1179 205 1335 254 nititur
1374 217 1496 253 tem-

204 271 339 338 plum
372 268 531 317 Sanfii
548 270 758 319 Adriani.

275 334 500 395 Rapiunt.
536 335 801 404 Feruntque
838 340 887 386 in
927 340 1161 404 principia
1183 376 1196 399 ,
1224 353 1325 404 quae
1361 349 1494 384 erant

210 403 261 449 in
276 403 431 515 lcaIstris.
451 405 690 467 praetoriis.
717 405 794 454 De
818 406 1058 473 principiis
1077 408 1172 469 jam
1192 403 1365 454 dietum
1384 400 1495 450 An-
1533 430 1557 436 «-

210 484 273 517 na
294 501 307 515 .
364 505 380 529 ,
405 475 482 517 61.

275 595 404 651 Cn.
422 598 615 648 XXIX.
637 600 679 652 F
677 601 883 670 atigabczt
903 600 1045 652 alieni
1056 601 1156 667 jam
1178 599 1355 665 imperii
1371 597 1500 650 deos.

214 665 337 730 Quae
358 667 646 734 eloquentia!

216 800 234 850 l
282 733 374 810 ⁸Pro
387 732 615 800 gradibus
635 733 806 785 domas.
827 734 1012 785 Domus
1030 733 1251 803 'Augustae
1270 773 1284 796 ,
1315 730 1392 784 seu
1417 749 1502 800 pa·
1556 752 1557 756 ¹

237 815 331 849 atu.

280 862 459 914 PatriS.
479 863 659 916 Galbae.

283 929 493 983 Proximi
516 934 676 983 morsis.
702 932 817 998 Quo
841 932 975 983 Nero
993 934 1336 983 exaudioratus.

286 1063 414 1114 CAP.
435 1062 604 1113 XXX.
641 1062 855 1113 Amicum
879 1060 1193 1126 Imperatoris.
1217 1063 1441 1114 Neronis.

290 1129 513 1180 Muliebri
560 1147 742 1179 ornatu.
779 1128 976 1196 Quippe
1010 1133 1091 1199 qui
1125 1137 1169 1179 &
1202 1130 1299 1198 ipsa
1330 1131 1507 1197 pedum

219 1198 412 1265 vestigia
444 1214 683 1265 unguento
722 1199 956 1263 tingeret,
999 1214 1049 1246 ut
1076 1197 1250 1246 dietum
1277 1197 1340 1246 est
1375 1195 1509 1265 supra

220 1266 342 1316 inter
395 1264 642 1313 Anecdota
688 1263 909 1314 Neronis,
957 1262 1163 1314 Othonis
1213 1261 1449 1330 speculum
1495 1301 1511 1326 ,

220 1329 427 1398 aliosque
454 1332 698 1384 muliebres
731 1345 919 1379 ornatus
939 1369 954 1392 ‚
975 1348 1064 1380 nec
1079 1328 1372 1380 Semiramidi
1385 1368 1399 1392 ,
1418 1344 1506 1378 nec

220 1397 489 1513 {lpopatrae
519 1413 656 1447 notos
679 1437 697 1463 ‚
729 1398 877 1464 carpit
895 1394 1131 1451 juvenalis
1149 1396 1300 1465 Satyr.
1323 1396 1401 1458 ΙΙ,
1445 1412 1514 1458 99,

309 1481 367 1531 eq

291 1528 335 1580 V
339 1481 453 1596 esim
479 1527 623 1596 fides.
663 1528 922 1580 Cohortem
965 1530 1350 1595 praetorianorum
1382 1525 1509 1576 allo-

221 1594 462 1664 quebatur.
1580 1611 1587 1664 '.

293 1660 463 1711 Minus
496 1659 697 1727 triginta
719 1657 897 1722 transfu
934 1676 990 1708 ιε.
1021 1658 1140 1709 Tres
1164 1660 1394 1726 &viginti
1411 1655 1517 1724 spe-
1572 1703 1585 1718 „

224 1729 452 1777 culatores
503 1727 749 1776 Othonem
795 1678 1194 1776 conigalutaverant
1251 1725 1519 1793 Imperat0·

225 1811 353 1854 rem,
385 1810 432 1844 ut
453 1793 624 1842 dictum
645 1794 708 1840 est
731 1791 862 1858 supra
889 1810 991 1858 cap.
1015 1811 1092 1850 27.

294 1861 401 1911 Nec
440 1859 499 1925 est
527 1859 648 1921 plus.
683 1856 787 1907 Nec
809 1861 913 1925 plus
947 1858 1077 1907 vobis
1109 1858 1242 1908 datur
1271 1875 1359 1925 pro
1382 1855 1506 1907 caede
1581 1899 1589 1921 ,Γ

225 1926 458 2041 ξῑὶηεὶρῐς
475 1964 488 1986 ,
512 1924 652 1993 quarn
677 1942 766 1991 pro
789 1927 886 1990 ejus
908 1925 1049 1975 salute
1080 1925 1211 1975 vobis
1243 1924 1514 1974 innocenti-

267 2009 316 2041 us
335 1993 526 2042 dabitur.

301 2124 428 2174 CAP.
461 2121 654 2172 XXXI.
695 2121 920 2189 Vipsanid
969 2123 1020 2172 in
1053 2121 1247 2184 porticu.
1289 2115 1516 2184 Vipsania

235 2194 438 2259 porticus
460 2189 546 2238 fuit
565 2192 612 2238 in
636 2207 803 2256 campo
824 2190 994 2239 Martio
1011 2228 1027 2249 ,
1051 2188 1172 2237 haud
1191 2186 1354 2253 procul
1375 2186 1484 2233 loco
1499 2222 1514 2246 ,

235 2259 314 2306 ubi
346 2272 470 2304 nunc
511 2254 714 2322 Palazzo
741 2255 858 2306 della
897 2254 1148 2306 Academia
1186 2250 1516 2318 Ecclesiastica.
1579 2259 1602 2308 ζ’

234 2321 336 2374 Hic
359 2321 600 2383 tendebat,
625 2322 701 2371 seu
727 2325 922 2372 tentoria
942 2321 1137 2372 habebat
1163 2320 1382 2368 exercitus
1401 2317 1519 2386 Iny-
1574 2327 1619 2390 ἰ’

233 2407 370 2440 rcus.

256 2410 274 2511 ,l
302 2453 684 2519 Primipilarihus.
717 2455 793 2504 De
820 2457 873 2504 iis
908 2455 1003 2518 jam
1024 2455 1195 2504 dietum
1230 2452 1406 2501 Annal.
1424 2448 1471 2497 ΙΙ
1489 2487 1505 2510 ,
1592 2487 1599 2498 ,,

274 2541 317 2574 1.

301 2587 557 2645 Libertatis
603 2585 738 2639 atrio.
786 2587 1029 2640 Libertatis
1075 2589 1239 2640 atrium
1267 2623 1282 2648 ‚
1330 2585 1516 2649 vigente
