1659 2928
225 109 763 152 H1s÷roR1A1mM
808 87 956 148 Lr'n.
1006 87 1111 151 Ill.
1202 112 1320 169 237

43 191 371 253 ¹exscindere
396 191 691 276 parabant,
716 191 775 249 ni
794 189 1095 249 Mucianus
1119 186 1327 249 sextam
1347 215 1541 254 Ξ

48 273 336 357 legionem
363 273 694 357 opposuisset
717 320 733 344 ‚
773 270 1173 331 Cremonensis
1210 274 1326 332 vic-
1347 277 1397 317 A.
1420 278 1468 314 U·
1488 277 1540 317 C·

0 389 1 399 ¹
33 360 205 419 *toriae
232 382 464 442 gnarus,
496 381 557 416 ac
581 379 652 416 ne
679 375 903 414 externa
928 355 1106 413 moles
1132 356 1327 415 utrim-
1391 353 1501 394 ⁸22·

0 463 9 510 ς
53 465 164 524 que
208 443 535 524 ingrueret,
583 437 621 498 si
666 439 856 498 Dacus
900 437 1328 518 Germanusque
1388 432 1423 471 J·
1462 429 1513 470 C.

0 521 3 540 ³
51 524 250 586 diversi
273 520 615 607 inrupissent.
645 519 850 582 Adfuit
868 569 885 595 ,
910 541 972 581 ut
995 520 1130 604 saepe
1154 521 1285 581 alias
1310 569 1328 594 ,
1412 506 1489 553 ⁶9·

55 607 281 669 fortuna
302 607 493 690 populi
518 606 766 667 Romani
790 653 806 678 ,
848 628 968 688 quae
995 605 1335 665 Mucianum

11 697 13 699 ’
56 690 309 773 viresque
364 690 619 751 Orientis
672 688 805 748 illuc
850 688 978 747 tulit
1014 713 1027 746 ι
1077 698 1136 749 &
1178 689 1334 770 quod

56 777 360 838 Cremonae
392 774 621 833 interim
652 769 1035 853 transegimus,
1074 773 1336 834 Fonteius

9 901 16 931 3
58 860 309 943 Agrippa
325 880 390 917 ex
407 855 534 916 Asia
550 859 567 933 (
584 877 684 938 pro
707 853 930 914 consule
955 877 1083 914 eam
1104 857 1337 939 provin-

58 944 206 1002 ciam
256 963 441 1000 annuo
487 939 728 1022 imperio
775 942 1070 1016 tenuerat)
1123 939 1339 1003 Moefiae

11 1043 13 1045 ·
55 1023 369 1110 praepositus
395 1024 468 1084 est
495 1048 507 1081 t
542 1022 746 1083 additis
769 1023 940 1104 copiis
967 1045 996 1083 e
1018 1021 1337 1084 Vitelliano

7 1127 34 1165 x}—
57 1109 335 1181 exercitu,
366 1109 538 1189 quem
567 1105 746 1189 spargi
775 1128 872 1190 per
898 1105 1205 1190 provincias
1231 1155 1247 1179 ‚
1279 1115 1338 1172 ὃς

56 1213 287 1254 externo
317 1190 471 1252 bello
503 1189 764 1273 inligari,
809 1213 930 1274 pars
959 1190 1208 1265 consilii,
1242 1214 1337 1274 pas-2⁴

33 1275 241 1357 cisque
286 1296 417 1335 erat.

141 1361 385 1434 XLVII.
418 1359 767 1420 Nsscaeceterae
801 1358 1055 1420 nationes
1084 1357 1335 1425 silebant,

29 1394 44 1519 l
57 1442 250 1503 Subita
274 1466 372 1526 per
391 1445 639 1506 Pontum
667 1465 822 1501 arma
846 1443 1145 1502 barbarum
1172 1467 1335 1502 man-
1362 1452 1367 1456 '

59 1526 269 1610 cipium
290 1574 307 1599 ‚
331 1526 492 1609 regiae
511 1525 809 1607 quondam
829 1525 996 1594 claffis
1016 1523 1300 1607 praefecstus
1317 1573 1336 1601 ‚

43 1658 50 1700 i
83 1616 89 1621 ⁴
121 1614 347 1672 overat:
391 1611 438 1675 is
488 1608 596 1676 fuit
640 1609 911 1681 Anicetus
945 1658 962 1684 ‚
1010 1610 1334 1672 Polemonis

0 1699 62 1746 ³1
81 1693 285 1755 ‘bertus
309 1744 325 1769 ,
370 1715 677 1777 praepotens
720 1694 862 1754 olim
887 1741 903 1767 ‚
945 1703 1004 1754 δε
1043 1697 1335 1777 postquam

0 1771 16 1828 ll
45 1793 48 1796 ’
82 1801 292 1861 egnum
337 1778 398 1836 in
439 1776 686 1836 formam
717 1778 1013 1854 provinciae
1049 1799 1288 1837 verterat
1315 1825 1334 1851 ,

0 1879 20 1912 n
63 1886 65 1890 ·
123 1861 386 1921 urationis
412 1855 735 1944 impatiens1
776 1861 954 1944 Igitur
978 1861 1204 1921 Vitellii
1231 1885 1336 1919 no·-

124 1945 217 2004 ine
249 1991 266 2020 ‚
311 1944 530 2004 adscitis
573 1944 871 2028 gentibuS,
927 1967 1046 2025 quae
1088 1947 1335 2005 Pontum

69 2062 78 2079 »-
124 2027 358 2100 colunt,
411 2049 670 2112 corrupto
709 2030 769 2086 in
815 2027 972 2110 spem
1016 2028 1337 2111 rapinarum

0 2131 41 2168 an
73 2111 410 2195 ·gentiffimo
463 2134 690 2193 quoque
730 2158 747 2184 ,
808 2111 960 2170 haud
1018 2112 1338 2173 temnendae

0 2194 24 2252 :it
75 2219 77 2221 ·
123 2192 255 2255 ansis
278 2195 515 2268 duitor,
559 2198 981 2278 Trapezuntem
1008 2243 1023 2268 ‚
1066 2198 1338 2259 vetustam

0 2300 31 2338 :ut
82 2276 198 2336 fiae
246 2279 532 2340 civitatem
563 2328 579 2353 ‚
639 2304 669 2337 a
720 2281 923 2338 Graecis
975 2280 1035 2337 in
1083 2301 1337 2341 extremo

1 2385 27 2423 ce
80 2360 305 2437 'onticae
339 2385 445 2422 orae
483 2362 772 2422 conditam
798 2410 814 2437 ‚
857 2361 1066 2437 subitus
1108 2364 1338 2446 inrupit.

6 2450 10 2457 ’
76 2508 77 2514 ,
117 2443 317 2509 aesaibi
342 2446 538 2505 cohors
565 2493 581 2518 ‚
618 2448 840 2529 regium
865 2447 1134 2505 auxilium
1161 2446 1301 2504 olim
1319 2465 1342 2518 ‚·

75 2530 78 2538 ’
126 2551 197 2591 ox
226 2528 426 2597 donati
470 2529 692 2591 civitate
734 2528 1030 2602 Romana,
1074 2529 1225 2616 figna
1254 2551 1342 2613 ar7
