1670 2961
239 131 792 178 msa-onrAmsM
848 112 1002 174 Lrn.
1050 107 1120 174 11.
1228 134 1341 189 137

14 273 18 287 ,
75 215 297 277 nocitum
318 247 350 271 ω
401 213 823 276 ementirentur.
888 216 940 272 Is
980 235 1174 273 rumor
1205 261 1223 286 ,
1272 214 1343 272 ab
1367 231 1562 270 ΞΕ

78 299 514 384 exploratoribus
547 296 770 358 Vitellii
812 294 1081 378 dispersus
1110 344 1127 368 ,
1171 321 1241 356 an
1286 298 1346 356 in
1368 292 1418 331 A.
1437 292 1486 329 U·
1507 289 1564 330 C,

73 384 191 466 ipsa
218 382 464 444 Othonis
487 401 642 462 parte
667 427 684 453 ‚
728 378 822 439 seu
857 378 993 438 dolo
1015 426 1032 452 ‚
1074 378 1168 438 seu
1202 379 1346 440 forte
1414 364 1523 410 8²²·

76 467 364 527 surrexerit
388 511 404 536 ,
443 486 639 546 patum
680 482 1054 544 compertum.
1118 462 1345 522 Omiffo
1429 468 1487 557 ἐι,
1521 466 1536 480 ’

73 573 268 633 pugnae
311 548 507 608 ardore
529 594 544 619 ,
589 547 910 606 Othoniani
953 545 1100 606 ultro
1143 544 1348 607 saluta·
1485 534 1510 562 '¹

70 654 201 692 vere
226 658 238 690 ε
273 642 330 694 δε
352 631 535 690 hostili
561 653 850 691 murmure
875 630 1126 713 excepti,
1157 629 1350 713 pleris-

73 738 184 797 que
213 714 438 775 suorum
460 714 666 797 ignaris
685 762 703 786 ,
725 737 845 794 quae
868 713 1022 774 causa
1042 713 1352 790 salutandi,

74 819 295 858 metum
315 797 649 881 proditionis
673 795 873 857 fecere.
913 799 1071 857 Tum
1094 797 1352 859 incubuit

72 881 312 942 hostium
335 882 475 940 acies
497 928 513 953 ,
534 881 766 964 integris
790 880 1080 941 ordinibus
1100 929 1118 954 ,
1146 882 1351 944 robore

70 972 131 1026 δε
151 987 390 1026 nurnero
410 966 762 1048 praestantior.
789 965 1131 1037 Othoniani,
1151 990 1353 1048 quam-

53 1051 244 1130 quam
269 1047 490 1132 dispersi
512 1097 528 1121 ‚
560 1048 846 1131 pauciores
866 1097 882 1121 ‚
908 1047 1024 1108 fessi
1044 1097 1060 1121 ‚
1083 1049 1348 1132 proelium

70 1153 268 1193 tamen
303 1131 502 1192 acriter
545 1131 824 1215 sumpsere
856 1156 868 1189 ε
910 1141 968 1193 &
1003 1155 1101 1217 per
1151 1133 1303 1194 locos
1326 1182 1346 1209 ,

63 1215 356 1276 *arboribus
391 1239 452 1273 ac
489 1214 664 1274 vineis
692 1215 1037 1299 impeditOS,
1078 1240 1194 1277 non
1232 1242 1345 1279 una

66 1322 262 1384 pugnae
288 1297 456 1358 facies
479 1324 490 1356 z
525 1299 780 1359 cominus
799 1346 817 1372 ,
854 1296 1183 1382 eminusque
1202 1338 1237 1375 ,a
1255 1327 1343 1363 ca==

65 1384 232 1442 tervis
253 1390 311 1442 δε
334 1382 522 1441 cuneis
544 1431 560 1456 ‚
586 1383 990 1443 concurrebant
1013 1409 1025 1442 z
1053 1384 1113 1443 in
1137 1409 1342 1469 aggere

62 1467 164 1525 viae
190 1514 208 1540 ‚
253 1464 458 1525 collato
504 1466 681 1550 gradu
705 1515 723 1540 ,
761 1467 1084 1551 corporibus
1121 1477 1178 1529 ὃς
1216 1494 1343 1530 um-

59 1547 304 1615 bonibus
336 1550 482 1622 niti,
517 1549 717 1610 omiffo
741 1550 985 1635 pilorum
1010 1557 1201 1635 jactu,
1229 1554 1345 1638 gla-

53 1633 168 1693 diis
193 1632 542 1695 &securibus
563 1634 743 1718 galeas
766 1634 1072 1719 loricasque
1091 1661 1341 1721 perrum-

62 1741 194 1801 pere
217 1744 234 1778 ι
259 1716 550 1789 noscentes
579 1721 726 1780 inter
751 1719 806 1780 se
832 1768 850 1794 ,
897 1722 1093 1782 ceteris
1127 1722 1347 1806 conspiff

62 1802 153 1861 cui
175 1848 192 1874 ‚
235 1803 294 1861 in
319 1824 587 1863 eventum
613 1805 783 1863 totius
808 1804 945 1864 belli
970 1806 1284 1866 certabant,

152 1886 363 1945 XLIII.
392 1889 592 1946 FoRrE
619 1888 765 1946 inter
792 1888 1011 1947 Padum
1036 1889 1342 1972 viamque3

59 1970 276 2050 patenti
306 1992 506 2053 campo
529 2018 544 2044 ,
590 1970 709 2030 duae
750 1969 999 2053 legiones
1042 1972 1339 2058 congreffae

57 2050 183 2111 sunt
220 2076 233 2110 ε
288 2075 399 2135 Ρ-ῐο
437 2053 678 2114 Vitellio
725 2056 1156 2117 unaetvicefima
1181 2106 1199 2132 ‚
1224 2057 1339 2119 'cui

62 2159 382 2218 cognomen
400 2141 651 2217 Rapaci,
673 2159 863 2199 veter-e
880 2139 1056 2222 gloria
1076 2142 1337 2228 insignis:

59 2241 91 2278 e
137 2228 287 2299 parte
329 2222 580 2281 Othonis
605 2271 623 2296 ,
659 2223 839 2305 prima
864 2224 1128 2305 Adjutrix
1153 2273 1169 2299 ‚
1215 2249 1334 2285 non

58 2303 185 2362 ante
206 2303 264 2360 in
285 2304 462 2364 aciem
488 2305 758 2379 ded-ueta,
784 2305 880 2368 sed
902 2306 1060 2368 ferox
1076 2357 1092 2383 ,
1118 2318 1177 2370 &
1196 2309 1334 2368 novi

59 2384 277 2444 decoris
317 2388 494 2449 avida.
537 2391 824 2464 P'rirnani,
869 2394 1041 2451 stratis
1081 2391 1334 2451 unaetvi-

38 2467 465 2530 *cefimanorum
502 2474 822 2555 principiis,
866 2475 1113 2556 aquilam
1155 2476 1334 2535 abstua

42 2550 211 2623 *lere-2
256 2575 373 2639 quo
407 2553 604 2619 dolore
634 2555 861 2620 accensa
889 2558 1039 2643 legio
1061 2604 1081 2634 ‚
1125 2566 1184 2622 ὃς
1224 2558 1330 2637 imr-⁴
