1670 2961
225 142 839 184 HrsromARUM
899 118 1161 180 L1B.1.
1259 138 1328 196 75

64 225 245 309 stupra
292 233 350 284 δε
395 223 603 303 flagitia
640 221 889 279 invicem
940 220 1290 300 objectavere
1320 265 1336 298 ‚
1369 239 1561 279 ff-—mae

69 331 267 370 neuter
298 306 453 379 falso.
479 304 641 365 Otho
664 350 681 375 ,
706 303 976 362 revocatis
999 349 1017 374 ,
1042 327 1182 384 quos
1205 303 1344 364 Gal-
1371 300 1421 341 A.
1446 299 1493 336 U·
1515 295 1565 336 C.

70 396 144 453 ba
194 391 415 452 miserat
457 435 473 460 ,
538 386 733 468 legatis
774 432 792 458 ‚
855 383 1031 445 rursus
1084 386 1220 446 alios
1275 387 1348 445 ad
1421 368 1530 481 ξιξ·

72 496 373 556 utrumque
420 471 832 530 Germanicum
888 469 1196 531 exercitum
1225 517 1242 543 ,
1292 479 1351 530 δε
1447 467 1532 557 ὲ3.’

74 561 146 621 ad
191 560 481 641 legionem
545 555 801 614 Italicam
852 600 869 626 ‚
936 554 1181 636 easque,
1232 574 1354 635 quae

74 642 341 726 Lugduni
385 638 626 722 agebant
649 686 666 712 ,
708 638 891 720 copias
917 686 934 710 ,
984 637 1164 721 specie
1200 636 1357 697 sena-

74 727 161 786 tus
198 724 361 784 misit.
389 724 590 803 Legati
618 722 764 805 apud
791 720 1097 782 Vitellium
1130 743 1357 780 reman-

77 810 228 881 sere,
267 806 577 891 promptius
603 853 619 877 ,
664 805 837 886 quam
873 826 934 864 ut
965 806 1170 865 retenti
1206 805 1357 864 vide-

15 921 18 924 *
78 913 283 952 rentur.
332 890 690 962 Praetoriani‚
730 913 869 970 quos
913 936 930 961 ‚
985 912 1083 973 per
1139 887 1362 948 simula-

79 977 298 1036 tionem
331 970 502 1032 officii
526 1021 543 1046 ‚
588 973 784 1056 legatis
810 973 973 1032 Otho
998 973 1362 1054 adjunxerat,

79 1057 283 1119 remissi
306 1104 322 1128 ‚
372 1077 677 1139 antequam
704 1056 1022 1139 legionibus
1060 1055 1362 1116 misceren-

79 1163 186 1204 tur.
215 1140 462 1201 Addidit
490 1141 741 1224 epistolas
764 1141 959 1200 Fabius
986 1141 1198 1203 Valens
1219 1188 1236 1212 ,
1262 1164 1365 1199 no—

82 1227 238 1286 mine
270 1225 599 1284 Germanici
631 1222 902 1284 exercitus
923 1271 940 1296 ‚
973 1224 1046 1283 ad
1085 1225 1366 1307 praetorias

85 1319 143 1372 δε
165 1309 422 1369 Urbanas
446 1309 704 1369 cohortes
732 1356 750 1380 ‚
784 1307 856 1367 de
885 1308 1093 1368 viribus
1160 1308 1370 1368 artium

87 1387 408 1476 magnificas
449 1439 465 1465 ‚
526 1401 582 1452 δε
635 1391 1000 1452 concordiam
1050 1332 1369 1451 offgrentes.

86 1475 416 1559 Increpabat
439 1474 586 1534 ultro
613 1523 629 1546 ,
684 1504 718 1528 oc
742 1475 896 1556 quod
924 1479 1082 1535 tanto
1107 1476 1235 1534 ante
1255 1483 1370 1535 tra-

84 1559 316 1619 nditum
341 1558 584 1620 Vitellio
613 1559 919 1643 imperium
955 1560 1027 1619 ad
1067 1560 1373 1620 Othonem

21 1720 24 1722 q
84 1641 417 1705 »vertissent
461 1672 521 1703 ³0.
573 1646 660 1703 Ita
707 1641 979 1727 promiffis
1027 1642 1190 1702 simul
1231 1691 1247 1716 ‚
1309 1666 1374 1702 ac

89 1728 257 1787 minis
297 1726 657 1787 tentabantur
686 1750 704 1804 3
743 1755 778 1779 oc
807 1747 871 1786 ut
899 1726 1055 1788 bello
1084 1728 1327 1810 impares
1354 1773 1374 1800 ,

93 1813 197 1869 „in
233 1834 364 1893 pace
410 1811 553 1869 nihil
600 1808 898 1893 amissuri»
956 1838 969 1871 ε
1012 1827 1196 1893 neque
1240 1809 1377 1871 ideo

95 1895 554 1978 praetorianorum
581 1893 719 1953 fides
747 1915 980 1954 mutata.

178 1978 424 2037 LXXV.
470 1980 606 2036 SED
643 1975 989 2037 insidiatores
1029 1977 1098 2035 ab
1137 1977 1378 2037 Othone

96 2059 157 2117 in
201 2061 570 2119 Germaniam
612 2107 629 2132 ‚
684 2084 715 2118 a
752 2060 993 2120 Vitellio
1047 2062 1107 2119 in
1153 2060 1382 2120 Urbem

100 2141 243 2203 rniffi
277 2168 289 2200 :
336 2141 581 2224 utrisque
623 2140 816 2203 frustra
840 2143 960 2204 fuit
996 2168 1012 2221 3
1055 2144 1379 2206 Vitellianis

101 2226 373 2307 impune,
432 2250 527 2310 per
574 2248 791 2287 tantam
832 2229 1138 2287 hominum
1183 2228 1384 2288 multi-

104 2309 364 2369 tudinem
388 2358 406 2382 ,
445 2311 640 2370 mutua
675 2313 990 2394 ignorantia
1020 2310 1378 2373 fallentibus:

103 2393 456 2466 Othoniani,
482 2396 731 2456 novitate
757 2395 938 2456 vultfis
961 2446 977 2469 ,
1001 2397 1266 2455 omnibus
1291 2397 1383 2454 in-

104 2477 291 2535 vicem
344 2478 548 2559 ignaris
587 2527 603 2550 ‚
667 2480 1062 2562 prodebantur.
1116 2478 1383 2540 Vitellius

103 2559 289 2620 literas
337 2562 408 2620 ad
437 2562 732 2623 Titianum
759 2612 775 2636 ,
821 2561 1055 2624 fratrem
1093 2564 1343 2626 Othonis
1365 2582 1389 2639 ‚'

1078 2648 1220 2729 Dij
