1659 2928
211 122 338 205 ’543
441 119 522 181 IN
573 122 876 183 L1BRUM
929 127 1323 200 QUAM-znf

214 226 339 273 vicus
369 222 513 271 dietus
538 221 682 342 Ccssri
701 261 718 282 ,
752 240 810 273 au
825 221 931 285 pied
951 222 1009 274 du
1028 238 1149 276 mont
1169 222 1413 296 Parnaffi.“

284 289 448 338 Patris
459 288 553 352 sui.
622 291 768 354 upiter
792 290 1027 355 Apollinis
1055 307 1185 357 pater
1208 293 1494 355 habebatur}

213 355 342 404 soror
358 353 647 421 Proserpina.
666 355 792 403 Bene
810 355 1073 407 reveherent
1094 377 1115 419 ,·
1139 359 1246 409 cum
1265 362 1389 410 sacra
1407 360 1492 412 illa

215 423 465 489 antiquitus
486 439 541 471 ex
559 419 771 489 AEgypto
792 423 966 472 aveeta.

280 550 409 601 CM».
449 551 737 606 LXXXIV.
783 552 1029 620 Adversari
1077 569 1245 620 regem.
1301 553 1491 625 Vulgus

215 622 361 685 coepit
389 620 557 678 reniti,
589 622 688 686 regi
728 619 937 668 obsistere
957 658 970 680 ,
1004 621 1207 669 invidere
1240 618 1451 689 AEgypto
1471 660 1488 684 ,

216 703 320 752 quae
352 684 473 738 Jove
507 685 752 751 Sinopensi
781 688 1039 752 potiretur3
1075 686 1150 735 fibi
1186 704 1419 751 metuere,
1454 689 1489 738 fi

213 768 417 813 numen,
447 750 576 800 suum
605 751 891 818 praefidium,
920 756 1159 802 amitteret.

276 815 455 874 Mirum
491 816 598 867 inde
629 817 764 869 ditia.
821 819 878 867 In
914 818 1001 868 hac
1035 820 1299 868 narratione
1334 818 1494 870 nobile

213 885 479 949 exemplum
496 922 509 944 ,
538 884 778 952 quomodo
801 888 915 934 olim
936 885 1166 934 adornatae
1185 885 1366 935 fabulae.
1392 886 1493 939 Ali·

214 965 301 1012 ter,
337 967 427 999 nec
461 968 554 1000 tarn
587 949 825 1011 fabulose,
867 970 964 1000 rem
995 968 1148 1000 narrat
1189 951 1493 1013 Plutarchus5

214 1014 359 1065 Tom.
379 1018 450 1077 II,
472 1017 525 1066 cie
546 1015 659 1083 Istde
686 1016 735 1068 ὓ*
759 1016 937 1083 Ostride
958 1057 974 1077 ,
1001 1038 1050 1084 p.
1076 1025 1186 1082 361.
1220 1017 1491 1074 Plutarchus

216 1100 372 1132 autem
403 1084 467 1132 ibi
500 1083 748 1132 Plutonem
782 1085 988 1150 appellat
1007 1123 1020 1144 ,
1054 1102 1193 1152 quem
1221 1085 1298 1133 alii
1321 1085 1493 1139 Jovem

215 1151 478 1201 nominant.
530 1150 641 1199 Ideo
679 1151 864 1216 Serapis
899 1151 1069 1200 Tacito
1111 1150 1273 1200 dicitur
1309 1150 1493 1214 Jupiter

219 1215 323 1267 Dis
343 1254 358 1274 ,
390 1217 464 1265 seu
486 1213 665 1284 Jupiter
687 1217 837 1266 Pluto.

280 1283 379 1333 Pro
401 1282 709 1350 magnitudine
731 1283 866 1333 urbis.
883 1279 1075 1348 Templi
1097 1282 1492 1352 magnificentiam

216 1350 398 1398 testatur
422 1350 699 1400 Ammianus
722 1349 1020 1400 Marcellinus
1041 1347 1219 1410 XXII,
1257 1359 1332 1402 16.
1364 1351 1489 1412 His,

213 1415 506 1466 Alexandriae
553 1419 782 1467 miraculis
818 1455 832 1479 ‚
884 1414 1107 1466 accedunt
1159 1414 1266 1466 altis
1306 1416 1492 1483 sublata

205 1479 410 1550 fastigiis
431 1483 596 1547 templa
612 1523 628 1544 ,
647 1483 764 1534 inter
784 1499 882 1549 quae
902 1481 1065 1532 eminet
1074 1479 1322 1545 Serapeum
1336 1522 1352 1544 ,
1375 1476 1494 1550 quod

216 1546 324 1601 Ziee't
343 1549 569 1602 minuatur
606 1549 811 1601 exilitate
842 1548 1073 1601 verborum
1097 1559 1119 1608 ,‘
1140 1549 1272 1600 atriis
1306 1565 1453 1600 tamen
1471 1585 1498 1615 5

218 1617 509 1668 columnariis
545 1616 850 1683 ampliffimis,
892 1613 942 1665 &⁶
962 1614 1494 1683 sivirantibusstgnorum

212 1683 447 1751 figmentis
465 1723 483 1744 ,
503 1682 574 1734 'Cr
602 1682 774 1748 reliquci
809 1698 986 1743 operum
1016 1679 1301 1731 multitudine
1332 1683 1399 1731 ita
1430 1681 1493 1747 eft

216 1767 480 1800 exornatum
495 1787 512 1808 ,
538 1765 586 1797 ut
605 1748 694 1815 post
715 1746 988 1809 Capitolium
1011 1784 1026 1804 ‚
1058 1746 1199 1811 quose
1219 1746 1492 1798 venerabilis

216 1815 361 1865 Roma
389 1815 437 1865 in
468 1829 685 1865 aeternum
717 1812 881 1863 attollit
913 1850 925 1870 ‚
964 1810 1078 1861 nihil
1113 1811 1230 1862 orbis
1269 1829 1493 1864 terrarum

218 1880 488 1948 ambitiosius
508 1899 677 1932 cernat.
701 1876 948 1930 Immensas
968 1880 1064 1927 auri
1085 1895 1197 1944 opes
1213 1918 1226 1939 ‚
1249 1881 1493 1945 templum·-

254 1967 311 1997 ue
325 1987 338 2008 ,
356 1966 451 2016 quo
471 1949 649 1996 nullum
668 1945 946 2013 splendidius
965 1945 1121 2011 ibique
1139 1945 1310 1994 cultum
1329 1949 1491 1996 maoni

213 1966 346 2070 iovis
378 2014 643 2081 Sinopensis
678 2013 968 2063 fimulacrum
1005 2011 1202 2061 celebrat
1235 2012 1400 2082 Diony
1420 2030 1492 2063 rus

214 2081 441 2146 Perieget.
472 2079 584 2131 vers.
612 2096 699 2142 255
730 2087 773 2128 δεῖ
797 2079 925 2146 seqq.

283 2142 517 2198 Rh‘czcotis.
539 2146 706 2213 Coptis
725 2147 954 2211 hodieque
974 2143 1134 2193 dicitur
1149 2143 1337 2195 Rhacot.
1355 2144 1492 2196 Olim

217 2230 366 2280 pagus
392 2230 519 2264 erat:
552 2215 713 2280 postea
741 2213 803 2262 ibi
838 2212 941 2260 urbs
975 2211 1268 2259 celeberrima
1296 2211 1353 2259 ab
1375 2212 1495 2262 Ale-

218 2280 397 2328 xandro
422 2280 608 2329 condita
629 2319 642 2341 ‚
679 2287 724 2328 &
754 2279 987 2345 appellata
1015 2277 1295 2326 Alexandria
1317 2316 1330 2338 ‚
1366 2295 1494 2327 nunc
1572 2306 1576 2314 ·

220 2345 523 2397 Alexandrie.
556 2348 808 2412 Serapeum
841 2344 925 2392 fuit
957 2345 1007 2391 in
1041 2346 1144 2392 vico
1164 2382 1177 2404 ‚
1210 2348 1282 2392 cui
1316 2362 1494 2394 nomen

222 2411 493 2474 Necropolis
514 2451 530 2473 ,
555 2431 703 2479 prope
723 2412 989 2461 columnam
1003 2407 1215 2476 Pompeii
1236 2448 1251 2470 ,
1282 2425 1329 2458 ut
1348 2409 1494 2476 vulgo

221 2479 505 2547 loquuntur3
530 2497 671 2546 quam
692 2476 840 2527 verius
859 2478 1125 2525 columnam
1147 2475 1359 2542 Dionyfii
1379 2475 1493 2525 Pto-
1559 2502 1576 2533 q

219 2545 371 2599 lemaei
395 2546 597 2597 dicerent
616 2584 632 2610 ‚
661 2561 710 2598 ut
738 2563 792 2596 ex
817 2541 994 2594 semefis
1015 2541 1326 2611 Inscriptionis
1353 2543 1495 2602 literis

1612 1604 1619 1681 ,i
