<?xml version="1.0" encoding="UTF-8"?>
<!DOCTYPE html PUBLIC "-//W3C//DTD XHTML 1.0 Transitional//EN"
    "http://www.w3.org/TR/xhtml1/DTD/xhtml1-transitional.dtd">
<html xmlns="http://www.w3.org/1999/xhtml" xml:lang="en" lang="en">
 <head>
  <title>
</title>
<meta http-equiv="Content-Type" content="text/html;charset=utf-8" />
  <meta name='ocr-system' content='tesseract 3.04.00' />
  <meta name='ocr-capabilities' content='ocr_page ocr_carea ocr_par ocr_line ocrx_word'/>
</head>
<body>
  <div class='ocr_page' id='page_1' title='image "./ccorneliitacitio04taci_0023.png"; bbox 0 0 1714 2961; ppageno 0'>
   <div class='ocr_carea' id='block_1_1' title="bbox 317 189 1504 287">
    <p class='ocr_par' dir='ltr' id='par_1_1' title="bbox 317 189 1504 287">
     <span class='ocr_line' id='line_1_1' title="bbox 317 189 1504 287; baseline -0.001 -22"><span class='ocrx_word' id='word_1_1' title='bbox 317 211 920 267; x_wconf 62' lang='lat' dir='ltr'>iits’romARuM</span> <span class='ocrx_word' id='word_1_2' title='bbox 966 192 1214 265; x_wconf 74' lang='lat' dir='ltr'>L112.1.</span> <span class='ocrx_word' id='word_1_3' title='bbox 1335 223 1410 287; x_wconf 81' lang='lat'>15·</span> <span class='ocrx_word' id='word_1_4' title='bbox 1497 189 1504 196; x_wconf 65' lang='grc'><strong>’</strong></span> 
     </span>
    </p>
   </div>
   <div class='ocr_carea' id='block_1_2' title="bbox 46 294 1635 2723">
    <p class='ocr_par' dir='ltr' id='par_1_2' title="bbox 46 294 1635 2573">
     <span class='ocr_line' id='line_1_2' title="bbox 131 294 1414 386; baseline -0.002 -22"><span class='ocrx_word' id='word_1_5' title='bbox 131 294 326 365; x_wconf 87' lang='lat' dir='ltr'>Macri</span> <span class='ocrx_word' id='word_1_6' title='bbox 350 354 367 379; x_wconf 89' lang='lat'>‚</span> <span class='ocrx_word' id='word_1_7' title='bbox 404 315 463 367; x_wconf 90' lang='lat'>&amp;</span> <span class='ocrx_word' id='word_1_8' title='bbox 491 302 710 362; x_wconf 84' lang='lat' dir='ltr'>Fonteii</span> <span class='ocrx_word' id='word_1_9' title='bbox 745 303 1044 386; x_wconf 82' lang='lat' dir='ltr'>Capitonis</span> <span class='ocrx_word' id='word_1_10' title='bbox 1070 303 1243 362; x_wconf 86' lang='lat' dir='ltr'>caedes</span> <span class='ocrx_word' id='word_1_11' title='bbox 1269 325 1414 362; x_wconf 93' lang='lat' dir='ltr'>nun-</span> 
     </span>
     <span class='ocr_line' id='line_1_3' title="bbox 138 384 1635 449; baseline 0.001 -2"><span class='ocrx_word' id='word_1_12' title='bbox 138 388 422 448; x_wconf 88' lang='lat' dir='ltr'>tiarentur.</span> <span class='ocrx_word' id='word_1_13' title='bbox 467 388 735 447; x_wconf 88' lang='lat' dir='ltr'>Macrum</span> <span class='ocrx_word' id='word_1_14' title='bbox 760 387 820 445; x_wconf 90' lang='lat' dir='ltr'>in</span> <span class='ocrx_word' id='word_1_15' title='bbox 849 384 1043 445; x_wconf 65' lang='lat' dir='ltr'>Africa</span> <span class='ocrx_word' id='word_1_16' title='bbox 1071 386 1222 445; x_wconf 86' lang='lat' dir='ltr'>haud</span> <span class='ocrx_word' id='word_1_17' title='bbox 1245 387 1413 449; x_wconf 64' lang='lat' dir='ltr'>dubie</span> <span class='ocrx_word' id='word_1_18' title='bbox 1435 385 1483 427; x_wconf 63' lang='grc' dir='ltr'>Α·</span> <span class='ocrx_word' id='word_1_19' title='bbox 1501 387 1552 425; x_wconf 80' lang='lat' dir='ltr'>U·</span> <span class='ocrx_word' id='word_1_20' title='bbox 1571 386 1635 429; x_wconf 77' lang='lat' dir='ltr'>C.</span> 
     </span>
     <span class='ocr_line' id='line_1_4' title="bbox 135 458 1590 553; baseline -0.001 -21"><span class='ocrx_word' id='word_1_21' title='bbox 135 472 460 532; x_wconf 84' lang='lat' dir='ltr'><strong>turbantem</strong></span> <span class='ocrx_word' id='word_1_22' title='bbox 483 519 499 544; x_wconf 87' lang='lat'>,</span> <span class='ocrx_word' id='word_1_23' title='bbox 535 471 857 531; x_wconf 81' lang='lat' dir='ltr'>Trebonius</span> <span class='ocrx_word' id='word_1_24' title='bbox 878 471 1221 530; x_wconf 86' lang='lat' dir='ltr'>Garucianus</span> <span class='ocrx_word' id='word_1_25' title='bbox 1241 518 1258 543; x_wconf 88' lang='lat'>,</span> <span class='ocrx_word' id='word_1_26' title='bbox 1291 493 1415 553; x_wconf 85' lang='lat' dir='ltr'>pro·</span> <span class='ocrx_word' id='word_1_27' title='bbox 1480 458 1590 501; x_wconf 75' lang='lat'><strong>8²²·</strong></span> 
     </span>
     <span class='ocr_line' id='line_1_5' title="bbox 134 531 1599 652; baseline 0.001 -40"><span class='ocrx_word' id='word_1_28' title='bbox 134 576 384 632; x_wconf 82' lang='lat' dir='ltr'>curator,</span> <span class='ocrx_word' id='word_1_29' title='bbox 407 553 547 638; x_wconf 82' lang='lat' dir='ltr'>juffu</span> <span class='ocrx_word' id='word_1_30' title='bbox 569 554 761 614; x_wconf 88' lang='lat' dir='ltr'>Galbae</span> <span class='ocrx_word' id='word_1_31' title='bbox 783 580 799 635; x_wconf 73' lang='lat'>⁶&gt;</span> <span class='ocrx_word' id='word_1_32' title='bbox 820 556 1168 638; x_wconf 81' lang='lat' dir='ltr'>Capitonem</span> <span class='ocrx_word' id='word_1_33' title='bbox 1191 556 1250 613; x_wconf 93' lang='lat' dir='ltr'>in</span> <span class='ocrx_word' id='word_1_34' title='bbox 1275 559 1417 616; x_wconf 87' lang='lat' dir='ltr'>Ger·</span> <span class='ocrx_word' id='word_1_35' title='bbox 1462 531 1599 652; x_wconf 45' lang='lat'>&amp;6902</span> 
     </span>
     <span class='ocr_line' id='line_1_6' title="bbox 135 626 1578 722; baseline 0.003 -24"><span class='ocrx_word' id='word_1_36' title='bbox 135 639 329 698; x_wconf 65' lang='lat' dir='ltr'>mania</span> <span class='ocrx_word' id='word_1_37' title='bbox 346 688 363 712; x_wconf 86' lang='lat'>,</span> <span class='ocrx_word' id='word_1_38' title='bbox 389 641 521 699; x_wconf 72' lang='lat' dir='ltr'>cum</span> <span class='ocrx_word' id='word_1_39' title='bbox 546 638 747 698; x_wconf 86' lang='lat' dir='ltr'>fimilia</span> <span class='ocrx_word' id='word_1_40' title='bbox 768 661 1035 722; x_wconf 87' lang='lat' dir='ltr'>coeptaret</span> <span class='ocrx_word' id='word_1_41' title='bbox 1058 688 1073 712; x_wconf 87' lang='lat'>‚</span> <span class='ocrx_word' id='word_1_42' title='bbox 1111 639 1417 701; x_wconf 87' lang='lat' dir='ltr'>Cornelius</span> <span class='ocrx_word' id='word_1_43' title='bbox 1544 626 1578 660; x_wconf 57' lang='lat'>‘⁹</span> 
     </span>
     <span class='ocr_line' id='line_1_7' title="bbox 134 721 1418 807; baseline 0.001 -24"><span class='ocrx_word' id='word_1_44' title='bbox 134 721 396 804; x_wconf 85' lang='lat' dir='ltr'>Aquinus</span> <span class='ocrx_word' id='word_1_45' title='bbox 418 773 435 796; x_wconf 86' lang='grc'>,</span> <span class='ocrx_word' id='word_1_46' title='bbox 466 734 522 784; x_wconf 84' lang='lat'>&amp;</span> <span class='ocrx_word' id='word_1_47' title='bbox 546 723 740 782; x_wconf 78' lang='lat' dir='ltr'>Fabius</span> <span class='ocrx_word' id='word_1_48' title='bbox 760 725 972 784; x_wconf 86' lang='lat' dir='ltr'>Valens</span> <span class='ocrx_word' id='word_1_49' title='bbox 992 772 1010 796; x_wconf 83' lang='lat'>,</span> <span class='ocrx_word' id='word_1_50' title='bbox 1047 724 1219 806; x_wconf 84' lang='lat' dir='ltr'>legati</span> <span class='ocrx_word' id='word_1_51' title='bbox 1241 724 1418 807; x_wconf 83' lang='lat' dir='ltr'>legio-</span> 
     </span>
     <span class='ocr_line' id='line_1_8' title="bbox 136 805 1422 889; baseline 0.002 -23"><span class='ocrx_word' id='word_1_52' title='bbox 136 807 278 866; x_wconf 89' lang='lat' dir='ltr'>num</span> <span class='ocrx_word' id='word_1_53' title='bbox 295 805 694 868; x_wconf 80' lang='lat' dir='ltr'>interfecerant</span> <span class='ocrx_word' id='word_1_54' title='bbox 708 856 724 880; x_wconf 87' lang='lat'>,</span> <span class='ocrx_word' id='word_1_55' title='bbox 749 829 1053 889; x_wconf 83' lang='lat' dir='ltr'>antequam</span> <span class='ocrx_word' id='word_1_56' title='bbox 1072 808 1422 888; x_wconf 88' lang='lat' dir='ltr'>juberentur..</span> 
     </span>
     <span class='ocr_line' id='line_1_9' title="bbox 133 891 1421 975; baseline 0.002 -25"><span class='ocrx_word' id='word_1_57' title='bbox 133 891 306 951; x_wconf 82' lang='lat' dir='ltr'>Fuere</span> <span class='ocrx_word' id='word_1_58' title='bbox 335 892 434 974; x_wconf 87' lang='lat' dir='ltr'>qui</span> <span class='ocrx_word' id='word_1_59' title='bbox 461 891 756 952; x_wconf 88' lang='lat' dir='ltr'>crederent</span> <span class='ocrx_word' id='word_1_60' title='bbox 776 941 792 965; x_wconf 83' lang='lat'>‚</span> <span class='ocrx_word' id='word_1_61' title='bbox 827 894 1174 975; x_wconf 83' lang='lat' dir='ltr'>Capitonem</span> <span class='ocrx_word' id='word_1_62' title='bbox 1207 913 1268 951; x_wconf 89' lang='lat' dir='ltr'>ut</span> <span class='ocrx_word' id='word_1_63' title='bbox 1296 916 1421 953; x_wconf 83' lang='lat' dir='ltr'>ava-</span> 
     </span>
     <span class='ocr_line' id='line_1_10' title="bbox 133 974 1422 1051; baseline 0.001 -17"><span class='ocrx_word' id='word_1_64' title='bbox 133 974 261 1034; x_wconf 65' lang='lat' dir='ltr'>ritia</span> <span class='ocrx_word' id='word_1_65' title='bbox 287 985 345 1036; x_wconf 85' lang='lat'>&amp;</span> <span class='ocrx_word' id='word_1_66' title='bbox 371 976 609 1036; x_wconf 85' lang='lat' dir='ltr'>libidine</span> <span class='ocrx_word' id='word_1_67' title='bbox 635 974 855 1036; x_wconf 87' lang='lat' dir='ltr'>foedum</span> <span class='ocrx_word' id='word_1_68' title='bbox 878 1025 895 1051; x_wconf 84' lang='lat'><em>‚</em></span> <span class='ocrx_word' id='word_1_69' title='bbox 933 1001 993 1036; x_wconf 91' lang='lat' dir='ltr'>ac</span> <span class='ocrx_word' id='word_1_70' title='bbox 1024 974 1372 1035; x_wconf 88' lang='lat' dir='ltr'>maculosum</span> <span class='ocrx_word' id='word_1_71' title='bbox 1399 1025 1422 1051; x_wconf 86' lang='lat'>‚</span> 
     </span>
     <span class='ocr_line' id='line_1_11' title="bbox 132 1058 1420 1144; baseline 0.002 -27"><span class='ocrx_word' id='word_1_72' title='bbox 132 1058 214 1117; x_wconf 85' lang='lat' dir='ltr'>ita</span> <span class='ocrx_word' id='word_1_73' title='bbox 229 1061 572 1144; x_wconf 82' lang='lat' dir='ltr'>cogitatione</span> <span class='ocrx_word' id='word_1_74' title='bbox 588 1083 775 1120; x_wconf 88' lang='lat' dir='ltr'>rerum</span> <span class='ocrx_word' id='word_1_75' title='bbox 793 1084 1064 1120; x_wconf 87' lang='lat' dir='ltr'>novarum</span> <span class='ocrx_word' id='word_1_76' title='bbox 1084 1059 1420 1121; x_wconf 80' lang='lat' dir='ltr'>abstinuisse:</span> 
     </span>
     <span class='ocr_line' id='line_1_12' title="bbox 133 1140 1421 1228; baseline 0.002 -26"><span class='ocrx_word' id='word_1_77' title='bbox 133 1140 234 1202; x_wconf 86' lang='lat' dir='ltr'>sed</span> <span class='ocrx_word' id='word_1_78' title='bbox 261 1168 292 1203; x_wconf 89' lang='lat' dir='ltr'>a</span> <span class='ocrx_word' id='word_1_79' title='bbox 319 1145 548 1228; x_wconf 57' lang='lat' dir='ltr'>legam,</span> <span class='ocrx_word' id='word_1_80' title='bbox 587 1144 805 1204; x_wconf 87' lang='lat' dir='ltr'>bellum</span> <span class='ocrx_word' id='word_1_81' title='bbox 836 1144 1229 1218; x_wconf 77' lang='lat' dir='ltr'>suadentibus,</span> <span class='ocrx_word' id='word_1_82' title='bbox 1272 1147 1421 1228; x_wconf 85' lang='lat' dir='ltr'>post-</span> 
     </span>
     <span class='ocr_line' id='line_1_13' title="bbox 132 1229 1421 1312; baseline 0.003 -27"><span class='ocrx_word' id='word_1_83' title='bbox 132 1250 309 1308; x_wconf 90' lang='lat' dir='ltr'>quam</span> <span class='ocrx_word' id='word_1_84' title='bbox 341 1229 635 1312; x_wconf 87' lang='lat' dir='ltr'>impellere</span> <span class='ocrx_word' id='word_1_85' title='bbox 667 1230 1029 1311; x_wconf 85' lang='lat' dir='ltr'>nequiverint</span> <span class='ocrx_word' id='word_1_86' title='bbox 1053 1277 1070 1301; x_wconf 87' lang='lat'>‚</span> <span class='ocrx_word' id='word_1_87' title='bbox 1106 1230 1323 1288; x_wconf 79' lang='lat' dir='ltr'>crimen</span> <span class='ocrx_word' id='word_1_88' title='bbox 1356 1251 1421 1289; x_wconf 88' lang='lat' dir='ltr'>ac</span> 
     </span>
     <span class='ocr_line' id='line_1_14' title="bbox 135 1310 1420 1395; baseline 0.003 -25"><span class='ocrx_word' id='word_1_89' title='bbox 135 1310 337 1370; x_wconf 89' lang='lat' dir='ltr'>dolum</span> <span class='ocrx_word' id='word_1_90' title='bbox 382 1311 758 1395; x_wconf 79' lang='lat' dir='ltr'>compositum</span> <span class='ocrx_word' id='word_1_91' title='bbox 804 1312 953 1372; x_wconf 89' lang='lat' dir='ltr'>ultro</span> <span class='ocrx_word' id='word_1_92' title='bbox 991 1338 1005 1371; x_wconf 74' lang='grc' dir='ltr'><strong><em>ι</em></strong></span> <span class='ocrx_word' id='word_1_93' title='bbox 1061 1321 1119 1372; x_wconf 85' lang='lat'>&amp;</span> <span class='ocrx_word' id='word_1_94' title='bbox 1170 1312 1420 1374; x_wconf 87' lang='lat' dir='ltr'>Galbam</span> 
     </span>
     <span class='ocr_line' id='line_1_15' title="bbox 134 1395 1423 1479; baseline 0.002 -25"><span class='ocrx_word' id='word_1_95' title='bbox 134 1395 455 1456; x_wconf 88' lang='lat' dir='ltr'>mobilitate</span> <span class='ocrx_word' id='word_1_96' title='bbox 478 1397 692 1479; x_wconf 80' lang='lat' dir='ltr'>ingenii</span> <span class='ocrx_word' id='word_1_97' title='bbox 715 1446 731 1470; x_wconf 87' lang='lat'>,</span> <span class='ocrx_word' id='word_1_98' title='bbox 776 1421 846 1455; x_wconf 90' lang='lat' dir='ltr'>an</span> <span class='ocrx_word' id='word_1_99' title='bbox 865 1446 882 1470; x_wconf 77' lang='grc'>,</span> <span class='ocrx_word' id='word_1_100' title='bbox 920 1419 991 1456; x_wconf 91' lang='lat' dir='ltr'>ne</span> <span class='ocrx_word' id='word_1_101' title='bbox 1022 1395 1184 1455; x_wconf 69' lang='lat' dir='ltr'>altius</span> <span class='ocrx_word' id='word_1_102' title='bbox 1209 1395 1423 1456; x_wconf 54' lang='lat' dir='ltr'>scruta*</span> 
     </span>
     <span class='ocr_line' id='line_1_16' title="bbox 133 1479 1420 1563; baseline 0.002 -25"><span class='ocrx_word' id='word_1_103' title='bbox 133 1499 285 1539; x_wconf 83' lang='lat' dir='ltr'>tetur</span> <span class='ocrx_word' id='word_1_104' title='bbox 306 1528 323 1553; x_wconf 86' lang='grc'>,</span> <span class='ocrx_word' id='word_1_105' title='bbox 359 1504 592 1563; x_wconf 88' lang='lat' dir='ltr'>quoquo</span> <span class='ocrx_word' id='word_1_106' title='bbox 632 1479 810 1540; x_wconf 90' lang='lat' dir='ltr'>modo</span> <span class='ocrx_word' id='word_1_107' title='bbox 845 1486 966 1540; x_wconf 64' lang='lat' dir='ltr'>acta</span> <span class='ocrx_word' id='word_1_108' title='bbox 987 1528 1004 1553; x_wconf 88' lang='lat'>‚</span> <span class='ocrx_word' id='word_1_109' title='bbox 1039 1481 1172 1562; x_wconf 88' lang='lat' dir='ltr'>quia</span> <span class='ocrx_word' id='word_1_110' title='bbox 1211 1482 1420 1540; x_wconf 86' lang='lat' dir='ltr'>mutari</span> 
     </span>
     <span class='ocr_line' id='line_1_17' title="bbox 131 1563 1420 1649; baseline 0.001 -26"><span class='ocrx_word' id='word_1_111' title='bbox 131 1586 250 1623; x_wconf 91' lang='lat' dir='ltr'>non</span> <span class='ocrx_word' id='word_1_112' title='bbox 292 1586 551 1648; x_wconf 89' lang='lat' dir='ltr'>poterant</span> <span class='ocrx_word' id='word_1_113' title='bbox 584 1613 600 1638; x_wconf 85' lang='grc'>,</span> <span class='ocrx_word' id='word_1_114' title='bbox 660 1563 1064 1649; x_wconf 71' lang='lat' dir='ltr'>comprobasse.</span> <span class='ocrx_word' id='word_1_115' title='bbox 1136 1564 1420 1625; x_wconf 71' lang='lat' dir='ltr'>Ceterum</span> 
     </span>
     <span class='ocr_line' id='line_1_18' title="bbox 130 1648 1421 1732; baseline 0 -24"><span class='ocrx_word' id='word_1_116' title='bbox 130 1668 366 1731; x_wconf 87' lang='lat' dir='ltr'>utraque</span> <span class='ocrx_word' id='word_1_117' title='bbox 398 1650 571 1710; x_wconf 65' lang='lat' dir='ltr'>caedes</span> <span class='ocrx_word' id='word_1_118' title='bbox 599 1648 804 1710; x_wconf 88' lang='lat' dir='ltr'>finistre</span> <span class='ocrx_word' id='word_1_119' title='bbox 841 1671 1105 1732; x_wconf 85' lang='lat' dir='ltr'>accepta:</span> <span class='ocrx_word' id='word_1_120' title='bbox 1151 1648 1421 1729; x_wconf 82' lang='lat' dir='ltr'>&amp;inviso</span> 
     </span>
     <span class='ocr_line' id='line_1_19' title="bbox 132 1730 1421 1817; baseline 0.001 -25"><span class='ocrx_word' id='word_1_121' title='bbox 132 1730 306 1793; x_wconf 83' lang='lat' dir='ltr'>semel</span> <span class='ocrx_word' id='word_1_122' title='bbox 331 1735 620 1817; x_wconf 83' lang='lat' dir='ltr'>Principe,</span> <span class='ocrx_word' id='word_1_123' title='bbox 651 1733 747 1794; x_wconf 88' lang='lat' dir='ltr'>seu</span> <span class='ocrx_word' id='word_1_124' title='bbox 770 1734 915 1795; x_wconf 88' lang='lat' dir='ltr'>bene</span> <span class='ocrx_word' id='word_1_125' title='bbox 935 1783 951 1808; x_wconf 83' lang='lat'>‚</span> <span class='ocrx_word' id='word_1_126' title='bbox 980 1733 1075 1794; x_wconf 90' lang='lat' dir='ltr'>seu</span> <span class='ocrx_word' id='word_1_127' title='bbox 1100 1733 1246 1793; x_wconf 74' lang='lat' dir='ltr'>male</span> <span class='ocrx_word' id='word_1_128' title='bbox 1274 1731 1421 1793; x_wconf 67' lang='lat' dir='ltr'>fasta</span> 
     </span>
     <span class='ocr_line' id='line_1_20' title="bbox 131 1817 1420 1900; baseline 0.003 -26"><span class='ocrx_word' id='word_1_129' title='bbox 131 1839 416 1900; x_wconf 84' lang='lat' dir='ltr'>premunt.</span> <span class='ocrx_word' id='word_1_130' title='bbox 464 1820 496 1881; x_wconf 90' lang='lat' dir='ltr'>J</span> <span class='ocrx_word' id='word_1_131' title='bbox 502 1843 592 1877; x_wconf 90' lang='lat' dir='ltr'>am</span> <span class='ocrx_word' id='word_1_132' title='bbox 617 1817 951 1880; x_wconf 85' lang='lat' dir='ltr'>adferebant</span> <span class='ocrx_word' id='word_1_133' title='bbox 974 1818 1194 1879; x_wconf 88' lang='lat' dir='ltr'>venalia</span> <span class='ocrx_word' id='word_1_134' title='bbox 1218 1822 1420 1878; x_wconf 60' lang='lat' dir='ltr'>cuncta</span> 
     </span>
     <span class='ocr_line' id='line_1_21' title="bbox 132 1901 1420 1983; baseline 0.005 -27"><span class='ocrx_word' id='word_1_135' title='bbox 132 1921 499 1983; x_wconf 63' lang='lat' dir='ltr'>praepotentes</span> <span class='ocrx_word' id='word_1_136' title='bbox 549 1901 738 1962; x_wconf 86' lang='lat' dir='ltr'>liberti</span> <span class='ocrx_word' id='word_1_137' title='bbox 791 1928 805 1961; x_wconf 71' lang='grc' dir='ltr'>ι</span> <span class='ocrx_word' id='word_1_138' title='bbox 874 1902 1161 1962; x_wconf 83' lang='lat' dir='ltr'>servorum</span> <span class='ocrx_word' id='word_1_139' title='bbox 1217 1925 1420 1962; x_wconf 88' lang='lat' dir='ltr'>manus</span> 
     </span>
     <span class='ocr_line' id='line_1_22' title="bbox 46 1982 1420 2069; baseline 0.002 -26"><span class='ocrx_word' id='word_1_140' title='bbox 46 2059 58 2065; x_wconf 12' lang='grc' dir='ltr'>,ᾖ</span> <span class='ocrx_word' id='word_1_141' title='bbox 131 1982 326 2044; x_wconf 86' lang='lat' dir='ltr'>subitis</span> <span class='ocrx_word' id='word_1_142' title='bbox 359 1987 531 2045; x_wconf 82' lang='lat' dir='ltr'>avidae</span> <span class='ocrx_word' id='word_1_143' title='bbox 555 2034 572 2058; x_wconf 87' lang='lat'>,</span> <span class='ocrx_word' id='word_1_144' title='bbox 612 1996 669 2046; x_wconf 84' lang='lat'>&amp;</span> <span class='ocrx_word' id='word_1_145' title='bbox 707 2007 999 2067; x_wconf 88' lang='lat' dir='ltr'>tamquam</span> <span class='ocrx_word' id='word_1_146' title='bbox 1035 1985 1184 2069; x_wconf 90' lang='lat' dir='ltr'>apud</span> <span class='ocrx_word' id='word_1_147' title='bbox 1220 1985 1420 2046; x_wconf 87' lang='lat' dir='ltr'>senem</span> 
     </span>
     <span class='ocr_line' id='line_1_23' title="bbox 131 2064 1421 2154; baseline 0.002 -27"><span class='ocrx_word' id='word_1_148' title='bbox 131 2064 455 2129; x_wconf 82' lang='lat' dir='ltr'>festinantes</span> <span class='ocrx_word' id='word_1_149' title='bbox 484 2096 496 2128; x_wconf 91' lang='lat'><strong>:</strong></span> <span class='ocrx_word' id='word_1_150' title='bbox 533 2070 849 2154; x_wconf 88' lang='lat' dir='ltr'>eademque</span> <span class='ocrx_word' id='word_1_151' title='bbox 879 2094 1034 2131; x_wconf 83' lang='lat' dir='ltr'>novae</span> <span class='ocrx_word' id='word_1_152' title='bbox 1065 2069 1200 2130; x_wconf 86' lang='lat' dir='ltr'>aulae</span> <span class='ocrx_word' id='word_1_153' title='bbox 1231 2069 1421 2144; x_wconf 84' lang='lat' dir='ltr'>maIa‚&#39;</span> 
     </span>
     <span class='ocr_line' id='line_1_24' title="bbox 132 2153 1420 2238; baseline 0.002 -27"><span class='ocrx_word' id='word_1_154' title='bbox 132 2155 285 2234; x_wconf 68' lang='lat' dir='ltr'>aeque</span> <span class='ocrx_word' id='word_1_155' title='bbox 329 2154 515 2237; x_wconf 84' lang='lat' dir='ltr'>gravia</span> <span class='ocrx_word' id='word_1_156' title='bbox 541 2202 557 2227; x_wconf 85' lang='lat'>‚</span> <span class='ocrx_word' id='word_1_157' title='bbox 600 2179 717 2214; x_wconf 93' lang='lat' dir='ltr'>non</span> <span class='ocrx_word' id='word_1_158' title='bbox 762 2157 914 2237; x_wconf 67' lang='lat' dir='ltr'>aeque</span> <span class='ocrx_word' id='word_1_159' title='bbox 962 2153 1230 2215; x_wconf 88' lang='lat' dir='ltr'>excusata.</span> <span class='ocrx_word' id='word_1_160' title='bbox 1297 2153 1420 2238; x_wconf 85' lang='lat' dir='ltr'>Ipsa</span> 
     </span>
     <span class='ocr_line' id='line_1_25' title="bbox 133 2237 1416 2314; baseline 0.003 -20"><span class='ocrx_word' id='word_1_161' title='bbox 133 2256 256 2295; x_wconf 83' lang='lat' dir='ltr'>aetas</span> <span class='ocrx_word' id='word_1_162' title='bbox 295 2239 487 2298; x_wconf 84' lang='lat' dir='ltr'>Galbae</span> <span class='ocrx_word' id='word_1_163' title='bbox 527 2248 583 2299; x_wconf 72' lang='grc' dir='ltr'>δε</span> <span class='ocrx_word' id='word_1_164' title='bbox 622 2238 858 2313; x_wconf 84' lang='lat' dir='ltr'>inrisui,</span> <span class='ocrx_word' id='word_1_165' title='bbox 902 2264 963 2299; x_wconf 92' lang='lat' dir='ltr'>ac</span> <span class='ocrx_word' id='word_1_166' title='bbox 1005 2237 1225 2298; x_wconf 90' lang='lat' dir='ltr'>fastidio</span> <span class='ocrx_word' id='word_1_167' title='bbox 1255 2260 1416 2314; x_wconf 86' lang='lat' dir='ltr'>erat,</span> 
     </span>
     <span class='ocr_line' id='line_1_26' title="bbox 133 2319 1417 2407; baseline 0.005 -30"><span class='ocrx_word' id='word_1_168' title='bbox 133 2319 369 2381; x_wconf 88' lang='lat' dir='ltr'>adsuetis</span> <span class='ocrx_word' id='word_1_169' title='bbox 393 2331 628 2404; x_wconf 75' lang='lat' dir='ltr'>juventa:</span> <span class='ocrx_word' id='word_1_170' title='bbox 653 2324 895 2383; x_wconf 87' lang='lat' dir='ltr'>Neronis</span> <span class='ocrx_word' id='word_1_171' title='bbox 913 2373 930 2398; x_wconf 82' lang='lat'>‚</span> <span class='ocrx_word' id='word_1_172' title='bbox 959 2333 1016 2384; x_wconf 70' lang='grc' dir='ltr'>δε</span> <span class='ocrx_word' id='word_1_173' title='bbox 1042 2328 1417 2407; x_wconf 84' lang='lat' dir='ltr'>Imperatores</span> 
     </span>
     <span class='ocr_line' id='line_1_27' title="bbox 134 2401 1416 2492; baseline 0.005 -31"><span class='ocrx_word' id='word_1_174' title='bbox 134 2401 322 2463; x_wconf 66' lang='lat' dir='ltr'>forma</span> <span class='ocrx_word' id='word_1_175' title='bbox 362 2431 421 2465; x_wconf 90' lang='lat' dir='ltr'>ac</span> <span class='ocrx_word' id='word_1_176' title='bbox 467 2407 671 2468; x_wconf 89' lang='lat' dir='ltr'>decore</span> <span class='ocrx_word' id='word_1_177' title='bbox 719 2409 964 2492; x_wconf 88' lang='lat' dir='ltr'>corporis</span> <span class='ocrx_word' id='word_1_178' title='bbox 1020 2410 1127 2485; x_wconf 93' lang='lat' dir='ltr'>(ut</span> <span class='ocrx_word' id='word_1_179' title='bbox 1168 2409 1243 2468; x_wconf 86' lang='lat' dir='ltr'>est</span> <span class='ocrx_word' id='word_1_180' title='bbox 1289 2429 1416 2467; x_wconf 87' lang='lat' dir='ltr'>mos</span> 
     </span>
     <span class='ocr_line' id='line_1_28' title="bbox 134 2487 838 2573; baseline 0.009 -27"><span class='ocrx_word' id='word_1_181' title='bbox 134 2487 330 2569; x_wconf 77' lang='lat' dir='ltr'>vulgi)</span> <span class='ocrx_word' id='word_1_182' title='bbox 370 2491 838 2573; x_wconf 78' lang='lat' dir='ltr'>comparantibus,</span> 
     </span>
    </p>

    <p class='ocr_par' dir='ltr' id='par_1_3' title="bbox 133 2573 1420 2723">
     <span class='ocr_line' id='line_1_29' title="bbox 218 2573 1415 2656; baseline -0.001 -22"><span class='ocrx_word' id='word_1_183' title='bbox 218 2573 378 2634; x_wconf 89' lang='lat' dir='ltr'>VIII.</span> <span class='ocrx_word' id='word_1_184' title='bbox 394 2576 473 2632; x_wconf 78' lang='lat' dir='ltr'>ET</span> <span class='ocrx_word' id='word_1_185' title='bbox 499 2575 587 2633; x_wconf 87' lang='lat' dir='ltr'>hic</span> <span class='ocrx_word' id='word_1_186' title='bbox 610 2576 843 2656; x_wconf 89' lang='lat' dir='ltr'>quidem</span> <span class='ocrx_word' id='word_1_187' title='bbox 864 2578 1060 2635; x_wconf 85' lang='lat' dir='ltr'>Romae</span> <span class='ocrx_word' id='word_1_188' title='bbox 1077 2622 1093 2646; x_wconf 84' lang='lat'>,</span> <span class='ocrx_word' id='word_1_189' title='bbox 1118 2593 1415 2655; x_wconf 86' lang='lat' dir='ltr'>tamquam</span> 
     </span>
     <span class='ocr_line' id='line_1_30' title="bbox 133 2654 1420 2723; baseline 0.003 -5"><span class='ocrx_word' id='word_1_190' title='bbox 133 2654 196 2719; x_wconf 88' lang='lat' dir='ltr'>in</span> <span class='ocrx_word' id='word_1_191' title='bbox 237 2656 390 2719; x_wconf 67' lang='lat' dir='ltr'>tanta</span> <span class='ocrx_word' id='word_1_192' title='bbox 433 2658 797 2723; x_wconf 87' lang='lat' dir='ltr'>multitudine</span> <span class='ocrx_word' id='word_1_193' title='bbox 837 2659 1057 2720; x_wconf 87' lang='lat' dir='ltr'>habitus</span> <span class='ocrx_word' id='word_1_194' title='bbox 1089 2657 1420 2722; x_wconf 73' lang='lat' dir='ltr'>animorum</span> 
     </span>
    </p>
   </div>
   <div class='ocr_carea' id='block_1_3' title="bbox 1437 323 1628 338">
    <p class='ocr_par' dir='ltr' id='par_1_4' title="bbox 1437 323 1628 338">
     <span class='ocr_line' id='line_1_31' title="bbox 1437 323 1628 338; baseline 0 2623"><span class='ocrx_word' id='word_1_195' title='bbox 1437 323 1628 338; x_wconf 95' lang='lat' dir='ltr'> </span> 
     </span>
    </p>
   </div>
   <div class='ocr_carea' id='block_1_4' title="bbox 1433 338 1628 352">
    <p class='ocr_par' dir='ltr' id='par_1_5' title="bbox 1433 338 1628 352">
     <span class='ocr_line' id='line_1_32' title="bbox 1433 338 1628 352; baseline 0 0"><span class='ocrx_word' id='word_1_196' title='bbox 1433 338 1628 352; x_wconf 95' lang='lat' dir='ltr'> </span> 
     </span>
    </p>
   </div>
   <div class='ocr_carea' id='block_1_5' title="bbox 1438 353 1627 362">
    <p class='ocr_par' dir='ltr' id='par_1_6' title="bbox 1438 353 1627 362">
     <span class='ocr_line' id='line_1_33' title="bbox 1438 353 1627 362; baseline 0 2599"><span class='ocrx_word' id='word_1_197' title='bbox 1438 353 1627 362; x_wconf 95' lang='lat' dir='ltr'> </span> 
     </span>
    </p>
   </div>
  </div>
 </body>
</html>
