1670 2961
64 269 257 297 Ε

65 325 117 366 A.
139 328 189 364 U.
210 327 261 364 C.

108 396 212 439 822.

128 497 208 590 ἐρ.

282 156 362 221 ‘72
477 142 549 203 C.
590 142 1042 202 CORNELH
1092 141 1398 206 TAM-rt

286 245 375 302 riae
405 243 621 304 retenta
663 242 821 301 Italia
845 291 862 316 ‚
905 251 962 303 δέ
1008 242 1351 326 ubicumque
1387 263 1565 308 certa-⁴

287 349 409 386 tum
428 324 592 400 foret,
616 327 853 386 Noricos
878 327 935 384 in
961 349 1144 386 cetera
1162 329 1400 388 vistoriae
1422 354 1562 413 pra:-

283 411 397 469 mia
439 409 704 483 ceffuros‚
745 411 958 469 Penino
986 410 1381 492 subsignanum
1405 414 1563 474 mili-

214 498 226 511 ’
285 516 404 554 tem
440 495 640 554 itinere
664 542 680 565 ‚
716 502 771 553 &
805 516 969 574 grave
1000 494 1292 576 legionum
1319 520 1562 579 agmen,

283 578 532 638 hibernis
575 577 758 635 adhuc
801 576 1040 657 Alpibus
1079 578 1337 638 traduxit.

377 662 591 720 LXXL
628 662 812 719 Omo
852 660 1083 718 interim
1117 707 1134 732 ‚
1169 683 1362 720 contra
1406 661 1564 744 spem

281 745 585 817 omnium,
641 767 757 802 non
805 741 1019 802 deliciis
1049 792 1065 816 ‚
1118 767 1302 825 neque
1353 744 1564 803 desidia

282 826 592 911 torpescere
631 853 643 886 ι
674 826 854 886 dilatae
887 826 1198 909 voluptates
1230 876 1246 900 ‚
1315 827 1564 887 diffimu-

282 912 394 972 lata
432 912 678 982 luxuria,
715 920 773 971 δε
818 915 1015 969 cuncta
1044 910 1113 969 ad
1150 911 1416 971 decorem
1448 913 1562 969 im·-

280 996 422 1080 perii
461 994 785 1077 composita.
834 997 1024 1073 quue
1069 994 1188 1076 plus
1238 992 1562 1054 formidinis

281 1077 612 1139 adferebant
626 1076 768 1135 falsae
784 1078 1013 1135 virtutes
1028 1123 1044 1148 ‚
1074 1088 1131 1136 δέ
1146 1078 1280 1136 vitia
1298 1079 1562 1139 reditura.

281 1164 540 1224 Marium
567 1159 832 1233 Celsum,
860 1158 1145 1219 consulem
1171 1158 1520 1242 designatum
1544 1209 1561 1234 ‚

282 1270 381 1331 per
403 1245 646 1329 speciem
668 1243 1020 1305 vinculorum
1037 1291 1053 1315 ‚
1079 1243 1289 1302 saevitiae
1313 1245 1562 1304 militum

278 1330 621 1390 subtractum
637 1329 799 1388 acciri
819 1331 877 1387 in
891 1327 1243 1411 Capitolium
1262 1328 1443 1409 jubet:
1460 1328 1564 1388 cle-

282 1415 510 1476 mentiae
567 1413 758 1472 titulus
785 1461 802 1485 ‚
852 1435 882 1472 e
909 1412 1030 1472 viro
1062 1411 1210 1471 claro
1235 1457 1251 1483 ,
1292 1421 1351 1472 δε
1389 1413 1564 1495 parti*

283 1499 386 1558 bus
415 1495 627 1570 inviso,
666 1496 977 1580 petebatur.
1017 1495 1213 1555 Celsus
1240 1542 1257 1567 ‚
1307 1499 1563 1555 constan-

285 1604 370 1642 ter
416 1581 635 1641 servatae
689 1603 819 1663 erga
874 1579 1117 1638 Galbam
1167 1579 1303 1638 fidei
1345 1581 1561 1639 crimen

285 1664 559 1726 confessus
599 1712 617 1738 ‚
679 1663 1003 1746 exemplum
1061 1662 1208 1721 ultro
1237 1663 1558 1744 imputavit.

286 1752 411 1811 Nec
456 1749 618 1809 Otho
646 1796 663 1820 ,
711 1747 863 1829 quasi
892 1745 1205 1829 ignosceret
1231 1793 1249 1818 ,
1300 1745 1397 1804 sed
1427 1794 1444 1818 ,
1488 1770 1561 1807 ne

288 1834 453 1894 hostis
480 1854 699 1893 metum
728 1831 1195 1891 reconciliationis
1235 1828 1564 1903 adhiberet,
1635 1855 1637 1857 ’

285 1917 470 1979 statim
506 1917 653 1975 inter
691 1914 924 1973 intimos
966 1915 1177 1974 amicos
1225 1912 1421 1973 habuit
1445 1961 1461 1986 ‚
1504 1922 1563 1974 &

284 2024 421 2063 mox
450 2000 601 2059 bello
648 1999 796 2058 inter
839 1998 1007 2057 duces
1049 1997 1261 2080 delegit
1293 2022 1305 2054 ε
1337 1996 1564 2058 mansit-

242 2129 247 2133 -
286 2108 400 2166 que
435 2083 602 2143 Celso
627 2128 642 2152 ‚
683 2081 837 2142 velut
888 2080 1130 2141 fataliter
1160 2129 1177 2153 ‚
1239 2081 1409 2139 etiam
1459 2103 1560 2162 pro

284 2168 525 2228 Othone
578 2164 716 2225 fides
757 2166 1012 2248 integra,
1058 2173 1116 2224 δε
1151 2160 1363 2223 infelix.
1412 2167 1562 2224 Laeta

288 2250 628 2335 primoribus
666 2249 901 2309 civitatis
925 2298 942 2322 ,
977 2248 1253 2308 celebrata
1279 2248 1338 2304 in
1363 2246 1561 2328 vulgus
1647 2311 1652 2321 ³

289 2334 444 2394 Celsi
477 2332 647 2403 saIUS,
676 2355 746 2391 ne
775 2331 1048 2391 militibus
1071 2332 1306 2413 quidem
1344 2331 1560 2411 ingrata

290 2415 401 2480 fuit
436 2465 451 2489 ‚
495 2414 759 2477 eamdem
802 2417 1071 2478 virtutem
1112 2413 1557 2489 admirantibuS,

293 2502 385 2563 cui
407 2498 794 2562 irascebantur.

1319 2578 1559 2665 LXXII.d
1576 2608 1581 2610 ·
