1659 2928
315 179 392 218 m
417 177 867 217 sroMARUM
921 155 1163 216 NoTAE.
1288 179 1405 237 537

192 254 322 305 Car.
349 256 508 307 LXV.
544 255 681 305 Data
719 256 792 321 est.
830 257 883 303 In
911 257 999 304 hoc
1027 256 1236 303 tumultu.

198 317 427 370 Deduoiis
458 322 577 370 olim.
615 323 739 370 Cum
767 322 1038 370 conderetur
1061 322 1263 370 colonia.

198 382 429 451 Vefligal.
468 385 740 434 Omittimus
777 388 974 451 vectigal
996 426 1008 447 ,
1048 386 1123 434 seu
1160 388 1408 452 portoria,

129 459 235 516 quae
265 468 407 499 onera
436 453 820 499 commerciorum
851 450 965 499 sunt.
1002 453 1077 499 De
1105 455 1402 519 vectigalibus

128 515 437 585 portoriisque
469 518 564 580 jam
597 516 771 566 dicium
804 516 980 566 Annal.
1003 516 1146 578 XIII,
1180 534 1258 578 50.

130 710 139 716 ‚
199 646 326 696 CAP.
346 646 529 698 LXVI.
544 647 715 698 Bellum
732 648 900 713 inferre
903 649 1081 717 statuit.
1103 619 1202 697 ER
1222 650 1408 700 colonia

130 711 467 778 'Agrippinensi
479 752 492 775 ,
514 712 714 782 Cologne
729 755 741 776 ,
761 714 912 763 versus
931 713 1113 763 Mosam
1130 753 1142 775 ,
1165 714 1210 762 la
1226 718 1406 782 Meuft,

129 778 218 827 iter
251 780 413 828 direxit
432 818 446 840 ,
486 780 736 850 obviosque
766 783 961 830 Sunicos
984 820 998 842 ,
1039 780 1079 830 le
1112 780 1365 850 Limbourg
1387 821 1409 844 ,

121 843 337 894 mimum
371 848 630 910 occupavit.
1460 861 1461 864 ’

198 910 409 961 Sunicis.
445 910 588 960 Nunc
613 911 652 960 le
677 909 926 980 Limbourg
952 928 970 972 ‚·
1008 912 1083 961 ubi
1107 911 1256 962 adhuc
1280 916 1410 964 vicus

133 973 352 1039 Sinniclz,
369 979 527 1025 veteris
548 980 749 1026 nominis
766 982 990 1028 memoria
1005 1018 1018 1040 ,
1039 980 1145 1027 teste
1162 979 1408 1041 Eucherio,

131 1041 346 1108 Belgium
368 1041 623 1094 Romanum
644 1084 659 1107 ,
694 1062 743 1109 p.
775 1050 862 1105 178
885 1052 929 1093 &
955 1049 1061 1104 184.
1083 1043 1178 1094 Eos
1196 1044 1409 1096 Sunucos

129 1109 338 1176 appellat
359 1108 537 1158 Plinius
557 1111 643 1169 IV,
678 1127 751 1168 17.

200 1173 267 1224 Et
287 1174 579 1225 Nerviorum.
609 1176 719 1225 Tun
759 1179 826 1238 ri,
857 1174 1067 1244 Tongres
1083 1192 1105 1238 ,·
1141 1175 1335 1239 Betafii‚
1363 1175 1408 1228 Ze

128 1240 340 1294 Brabunt
359 1258 381 1299 ;
417 1240 612 1303 Nervii,
645 1242 685 1291 le
707 1194 915 1292 gainam.

199 1306 394 1356 Pontem
419 1306 577 1373 Mosae.
611 1307 755 1357 Nunc
777 1307 1062 1372 Maestriclzt.

196 1372 292 1424 Seu
312 1372 498 1423 militem
517 1374 749 1424 mavultis.
771 1375 848 1423 Sic
868 1374 1073 1424 Catilina
1091 1375 1216 1442 apud
1236 1374 1408 1426 Sallus-

134 1439 248 1489 tium
269 1479 283 1501 ,
315 1442 365 1488 in
397 1439 587 1490 Catilin.
624 1440 746 1508 Cap.
773 1459 847 1506 13.
883 1440 972 1493 Vel
1000 1441 1267 1505 imperatore
1285 1481 1303 1503 ,
1336 1442 1413 1493 vel

132 1505 281 1556 milite
305 1523 375 1554 me
401 1506 605 1556 utemini.
1005 1549 1008 1552 .

202 1569 429 1638 Profugit.
463 1572 518 1620 In
555 1574 657 1621 avia
691 1571 971 1639 Belgarum,
1006 1588 1054 1621 ut
1087 1573 1260 1621 dicetur
1287 1569 1414 1622 infra

133 1633 262 1704 Cap.
282 1656 361 1696 70.
379 1636 500 1686 Avia
522 1639 602 1687 illa
621 1636 707 1688 effi:
730 1655 852 1688 nunc
875 1637 1382 1705 paludes'Flandrorum
1398 1677 1422 1702 ‚K

135 1721 290 1772 prope
321 1702 536 1769 Bruges,
572 1706 737 1753 merito
773 1708 958 1767 conjicit
993 1705 1241 1754 Bucherius
1261 1743 1275 1768 ,
1306 1703 1416 1760 Bel-2

129 1771 262 1838 gium
285 1768 542 1820 Romanum
561 1808 577 1834 ,
606 1787 719 1837 pag.
749 1775 836 1828 178
864 1777 907 1819 &
934 1775 1041 1831 185.

205 1899 333 1951 CAP.
352 1899 560 1957 LXVII.
587 1898 743 1951 Julius
760 1899 983 1952 Sabinus.
1007 1899 1116 1955 Jam
1138 1915 1419 1951 memoratus

136 1965 272 2035 supra
305 1967 428 2033 Cap.
453 1982 529 2028 55.

207 2032 538 2086 Monumentis.
562 2033 754 2083 Tabulis
779 2037 902 2084 aereis
917 2071 930 2094 ‚
963 2033 1125 2100 quibus
1149 2032 1419 2099 inscriptum

137 2098 291 2149 foedus
313 2099 578 2149 Romanum
610 2100 854 2169 civitasque
873 2101 1090 2149 Romana
1122 2100 1419 2165 Lingonibus

142 2165 357 2216 univerfis
378 2166 514 2229 data,
545 2183 593 2216 ut
619 2167 790 2216 dicrum
822 2168 883 2215 est
916 2165 1048 2231 ffipra:
1078 2165 1199 2214 Hist.
1219 2167 1240 2214 I
1260 2204 1273 2226 ,
1306 2170 1387 2223 78.

213 2231 272 2282 In
291 2230 546 2294 Sequanos.
565 2232 707 2283 Nunc
721 2233 765 2282 la
778 2232 909 2282 haute
925 2231 1083 2296 Alsace
1098 2270 1110 2291 ,
1129 2230 1172 2279 la
1185 2230 1423 2281 Francke-

142 2296 305 2349 Comte'
318 2337 332 2357 ‚
353 2297 448 2349 fre.
460 2298 583 2350 Vide
597 2300 982 2366 supplementum
995 2298 1168 2346 Annal.
1185 2295 1324 2356 XVI,
1340 2301 1424 2353 78.

209 2362 481 2414 Reddemus.
505 2365 642 2415 Periit
662 2367 757 2414 haec
773 2365 1077 2414 Historiarum
1096 2381 1216 2430 pars.
1240 2363 1317 2410 De
1337 2363 1418 2411 illa

144 2429 250 2482 vide
280 2430 605 2495 Appendicem
633 2432 1035 2498 Chronologicam
1063 2468 1076 2491 ‚
1115 2446 1240 2478 anno
1271 2428 1339 2476 U.
1362 2427 1422 2477 C.

148 2511 443 2549 Dcccxxxn
1492 2519 1497 2523 -

220 2560 465 2610 Civitates.
500 2562 630 2624 Quas
656 2565 774 2611 inter
797 2562 985 2628 insignis
1012 2558 1096 2607 fuit
1122 2560 1276 2607 civitas
1297 2557 1423 2607 Lin-

155 2643 335 2695 gonum
353 2665 368 2693 ,
396 2629 501 2680 teste
521 2628 749 2687 Frontino
764 2668 778 2694 ‚
807 2631 1080 2696 Strategem.
1097 2623 1196 2739 IVZ,
1216 2641 1236 2688 3
1260 2663 1274 2686 ,
1308 2643 1356 2675 n.
1375 2643 1422 2694 4.

1230 2709 1258 2740 v
