1659 2928
322 158 876 212 H1STOR1ARUM
933 144 1166 208 NoTAE.
1276 151 1397 221 '469

196 249 484 300 Pannonicae
505 248 661 310 AlpeS.
699 247 850 294 Diuae
871 263 1058 313 quoque
1079 245 1226 297 Juliae.
1258 243 1402 293 Nunc

128 313 241 379 ἉΖΓὶ
267 315 403 364 Giule
427 332 446 373 ,·
480 316 596 361 inter
619 311 909 361 carinthiam
933 318 976 358 δε
998 311 1285 359 Carniolam.

195 380 449 446 Etesiarum
460 379 606 444 flatu.
648 377 726 426 De
759 392 853 441 quo
877 376 1048 423 dictum
1075 374 1206 441 supra
1227 377 1401 425 Annal-

38 423 40 426 >
127 445 204 501 VI
223 485 237 508 ‚
270 463 343 510 33.

194 576 322 626 CAP.
347 573 534 624 XCIX.
562 570 713 622 Flavii
737 571 919 624 Sabini.
956 572 1112 638 Quem
1133 568 1402 638 Vespasiani

128 643 313 693 fratrem
335 640 463 689 fuisse
487 639 600 704 saepe
626 639 905 687 monuimus.

191 708 362 759 Rubrio
384 706 537 755 Gallo.
549 705 578 758 J
583 723 657 752 am
673 721 930 754 memorato
951 704 1080 770 supra
1098 704 1217 753 Hist.
1232 704 1277 752 II
1290 741 1303 762 ,
1325 718 1345 763 ς
1360 720 1402 750 1.

194 772 553 825 Admonebatur.
587 771 664 821 De
697 772 783 821 hac
815 772 1104 821 aemulatione
1133 771 1236 821 vide
1268 766 1402 836 supra

127 842 252 909 Cap.
282 859 357 906 30.

191 963 318 1013 CAP·
351 969 410 1019 C.
449 969 497 1022 V
497 967 699 1019 exillarii
727 967 1105 1033 quartaedecimae.
1141 966 1405 1029 Mendose,·

126 1035 509 1096 quartaedecimae.
528 1035 645 1084 Haec
667 1039 791 1083 enim
810 1036 936 1102 legio
956 1053 1053 1083 non
1074 1052 1159 1100 pro
1179 1034 1373 1085 Vitellio
1389 1072 1403 1094 ,

52 1134 62 1144 .
127 1096 204 1147 sed
229 1109 316 1162 pr'o
338 1101 533 1151 Othone
563 1101 774 1150 ferociter
796 1103 912 1150 stetit
934 1120 950 1164 3
989 1101 1193 1169 ideoque
1225 1102 1276 1148 in
1296 1099 1404 1148 Bri-

129 1168 334 1214 tanniam
352 1167 482 1217 miffa
503 1188 513 1216 :
535 1174 578 1216 δε
602 1186 629 1216 a
650 1167 972 1216 Flavianarum
996 1170 1196 1232 partium
1217 1166 1405 1216 ducibus

128 1229 302 1296 scriptae
321 1235 370 1282 in
395 1231 679 1284 Britanniam
703 1235 761 1283 ad
782 1233 1208 1301 quartadecimanos
1238 1234 1406 1293 literae,

127 1295 281 1346 Tacit.
319 1300 440 1349 Hist.
474 1302 519 1349 II
541 1340 553 1361 ,
587 1309 648 1349 66
685 1307 729 1348 &
770 1305 848 1349 86.
890 1301 1078 1366 Legio,
1111 1299 1167 1348 de
1238 1300 1295 1346 ua
1328 1295 1406 1347 hie

128 1366 306 1431 agitur,
330 1365 414 1415 fuit
430 1367 682 1418 Vitelliana
706 1385 720 1429 3
749 1384 802 1414 ac
820 1368 1017 1432 proinde
1037 1383 1126 1414 una
1148 1383 1172 1414 e
1193 1315 1407 1414 germa-

127 1434 242 1478 nicis
262 1432 538 1499 legionibus.
562 1432 916 1481 Emendandum
939 1449 1050 1499 ergo
1071 1471 1084 1493 ,
1113 1432 1186 1479 vel
1208 1430 1406 1495 quintae*-

125 1496 313 1545 decimae
336 1537 350 1558 ‚
382 1516 430 1547 ut
463 1500 558 1548 vult
590 1499 787 1547 eruditus
814 1499 1041 1559 Savilius;
1080 1498 1153 1545 vel
1188 1511 1363 1561 quartae
1385 1532 1405 1556 ,

123 1566 175 1613 'ut
205 1563 378 1628 placuit
406 1565 652 1625 Mercem,
687 1567 758 1612 cui
792 1564 944 1630 potitis
976 1563 1203 1612 assentior.

190 1628 458 1696 Legionum.
490 1630 610 1695 Quae
641 1632 918 1679 nominatim
949 1644 1263 1679 memorantur
1286 1624 1405 1676 infra

127 1694 252 1745 Hist.
275 1696 343 1743 III
368 1736 380 1757 ‚
411 1717 487 1745 22..
528 1695 643 1745 Cum
668 1695 852 1746 vexillis
882 1714 1046 1758 nonae,
1067 1694 1369 1760 secundaeque
1387 1730 1410 1759 ‚
1481 1746 1487 1750 ,

84 1762 85 1766 ’
127 1761 185 1812 &¹
208 1761 426 1826 vicesimae
455 1801 470 1825 ‚
507 1761 878 1811 Britannicarum
910 1761 950 1809 Ze
986 1762 1152 1809 ionum.

126 1825 454 1950 MHostiliam.
495 1826 640 1876 Nunc
666 1826 893 1894 Ostiglia‚
930 1779 1048 1875 (ἕως
1080 1826 1121 1876 le
1147 1824 1321 1876 Duche'
1350 1823 1406 1877 de

192 1909 373 1944 antone.

193 1959 402 2009 Patavii.
438 1959 581 2008 Nunc
607 1957 810 2009 Padoue.

193 2024 407 2074 Lucilius
442 2025 617 2091 Baffits.
668 2025 852 2092 Insigne
889 2041 1242 2073 monumentum
1263 2063 1277 2085 ,
1309 2041 1403 2091 quo

127 2092 332 2143 Lucilius
371 2091 524 2140 Bassus
568 2108 847 2140 memoratur
870 2129 882 2150 ,
918 2091 1020 2139 vide
1044 2130 1058 2152 ‚
1094 2089 1125 2138 si
1164 2091 1325 2152 lubet,
1356 2093 1406 2140 in

128 2161 283 2227 priore
311 2156 466 2206 Taciti
495 2157 696 2206 editione
717 2157 858 2206 Tom.
882 2157 950 2204 III
970 2195 982 2217 ,
1016 2174 1127 2224 pag.
1149 2175 1259 2216 447.

192 2223 459 2274 Ravennati
468 2223 612 2288 simul
629 2241 684 2271 ac
701 2222 960 2289 Mifiznenfi.
976 2223 1051 2272 De
1069 2223 1257 2291 utraque
1274 2220 1412 2272 classe

132 2290 302 2339 distum
324 2289 457 2356 supra
475 2291 651 2339 Annal.
672 2289 760 2352 IV,
790 2305 832 2352 5.

197 2420 322 2470 CAP.
348 2420 430 2470 CI.
475 2420 645 2473 Flavici
680 2422 821 2474 domo.
870 2423 1186 2490 Vespasiano,
1219 2418 1331 2467 Tito
1362 2424 1407 2466 ὅτ.

128 2486 421 2537 Domitiano.

193 2551 284 2604 Pro
303 2552 480 2606 Othone
493 2554 686 2607 militiae.
700 2555 777 2604 De
794 2555 883 2622 qu?⁴
901 2553 1032 2620 supra
1047 2552 1168 2617 Cap.
1190 2565 1247 2621 14
1264 2556 1310 2600 ὃς
1328 2554 1406 2600 28.
