1637 2928
113 86 163 99 ᾳ

226 122 779 166 H1sroR1ARuM
822 103 1122 164 L1n.111.
1217 123 1325 182 205

64 207 369 287 majoribus
389 254 405 279 ‚
438 207 690 287 egregius
720 201 830 284 ipse
853 251 870 276 ‚
896 212 954 263 &
979 205 1076 283 qui
1100 202 1241 263 solus
1265 203 1335 262 ad
1356 226 1552 265 Ξῑ-ΞΞ
1575 233 1579 238 ·

60 289 122 347 id
186 289 400 349 bellum
457 309 598 347 artes
651 287 824 344 bonas
876 285 1155 346 attuliffet.
1226 291 1337 346 Has
1362 288 1410 329 A.
1429 289 1479 327 U·
1497 287 1549 325 C·

59 372 134 431 ad
167 374 349 455 copias
374 419 391 444 ‚
433 391 792 449 nequaquam
822 367 1144 428 Vitellianis
1181 393 1335 450 pares

61 459 83 532 (
106 457 309 538 quippe
335 476 443 513 tres
467 453 647 511 adhuc
674 452 924 534 legiones
951 472 1106 510 erant
1128 457 1145 529 )
1187 453 1335 511 mifit

62 539 311 620 epistolas
369 537 594 596 Caecina
621 584 637 610 ‚
692 536 1118 596 «temeritatem
1191 536 1336 594 victa

59 644 259 679 :marma
328 621 686 680 tractantium
717 649 749 672 ω
800 617 1052 678 incusans
1096 643 1109 675 ι
1173 618 1338 678 slmul

58 730 104 763 ια
117 705 288 763 virtus
313 704 641 763 Germanici
676 700 943 761 exercitus
961 731 994 754 20
1017 749 1034 773 ,
1079 701 1338 762 laudibus

63 787 422 847 attollebatur
446 834 462 858 ,
501 784 725 846 Vitellii
767 783 992 842 modica
1029 791 1088 843 δε
1122 785 1340 867 vulgari

62 872 354 930 mentione
379 916 394 941 ‚
438 867 591 926 nulla
620 869 680 925 in
707 865 1108 949 Vespafianum
1138 890 1341 928 contu-

59 952 230 1012 melia
256 978 268 1009 z
308 951 450 1010 nihil
480 949 695 1034 prorsus
719 998 735 1023 ,
778 951 935 1032 quod
961 972 1056 1010 aut
1084 974 1342 1011 corrum-

59 1057 215 1120 peret
239 1036 455 1094 hostem
479 1083 496 1108 ‚
537 1057 631 1094 aut
663 1056 913 1095 terreret,
953 1035 1341 1096 Flavianarum

57 1120 304 1204 partium
348 1119 516 1179 duces
546 1167 564 1191 ,
617 1117 820 1177 omissa
864 1118 1060 1199 prioris
1104 1117 1344 1179 fortunae

0 1197 1 1235 3
58 1201 386 1263 defensione
413 1250 430 1275 ,
477 1225 577 1283 pro
617 1200 955 1284 Vespasiano
1000 1203 1343 1284 magnifice,

58 1310 161 1369 pro
202 1287 360 1346 causa
398 1285 639 1345 fidenter
664 1334 679 1358 ‚
722 1287 794 1345 de
834 1286 986 1345 exitu
1020 1284 1238 1358 securi,
1276 1288 1345 1347 in

57 1370 365 1434 Vitellium
386 1391 446 1429 ut
465 1370 718 1441 inimici,
750 1368 1168 1452 praesumpsere3
1195 1368 1344 1429 facta.

59 1454 294 1514 tribunis
363 1452 894 1533 centurionibusque
955 1454 1298 1514 ocretinendi
1317 1472 1359 1527 ’,ἃ

57 1561 222 1619 »φικ
254 1536 522 1600 Vitellius
564 1535 918 1597 indulsisset»
940 1585 956 1610 ,
996 1536 1128 1621 spe:
1170 1558 1361 1620 atque-

56 1620 242 1704 ipsum
264 1622 553 1681 Caecinam
577 1645 695 1680 non
717 1620 944 1681 obscure
967 1624 1040 1681 ad
1063 1622 1347 1681 transitio-

55 1728 192 1767 nem
218 1705 598 1766 hortabantur.
643 1707 911 1765 Recitatae
937 1729 1039 1789 pro
1063 1707 1343 1766 concione

58 1788 294 1868 epistolae
338 1789 607 1849 addidere
655 1788 962 1862 fiduciam,
1012 1789 1165 1871 quod
1206 1789 1344 1848 sub-

59 1869 221 1929 misse
247 1873 470 1931 Caecina
495 1920 511 1944 ‚
546 1872 699 1931 velut
734 1871 1026 1931 offendere
1048 1870 1353 1954 Vespafia-·-

56 1977 196 2013 num
218 1956 425 2014 timens
446 2003 462 2027 ‚
483 1954 728 2036 ipsorum
747 1956 917 2014 duces
938 1957 1342 2038 contemptim,

60 2057 352 2120 tamquam
400 2037 724 2116 insultantes
762 2038 1006 2101 Vitellio
1034 2088 1053 2113 ,
1110 2037 1341 2123 [εῐίρίίίὲ

55 2119 195 2182 sent.
235 2167 239 2171 -

136 2207 211 2264 X.
245 2205 400 2266 ADv
418 2230 447 2265 E
466 2230 505 2265 N
526 2231 559 2266 T
577 2230 614 2266 U
653 2207 860 2267 deinde
887 2207 1124 2267 duarum
1154 2206 1341 2291 legio-

58 2310 198 2346 num
224 2335 242 2360 ,
280 2312 310 2348 e
349 2292 550 2371 quibus
585 2292 809 2350 tertiam
839 2291 1052 2351 Dillius
1081 2291 1340 2374 Aponia-

58 2394 160 2430 nus
180 2419 196 2443 ‚
224 2376 477 2432 oCtavam
501 2375 782 2434 Numifius
806 2378 994 2458 Lupus
1018 2375 1300 2433 ducebant
1316 2420 1338 2446 ‚

61 2456 332 2514 ostentare
354 2457 494 2516 vires
510 2506 526 2530 ‚
551 2467 609 2518 &
626 2458 854 2517 militari
876 2459 1023 2517 vallo
1039 2461 1337 2517 Veronam

0 2557 3 2593 ῑ
61 2538 406 2615 circumdare
447 2541 671 2624 placuit.
726 2543 886 2601 Forte
929 2539 1213 2601 Galbiana:
1250 2539 1340 2600 le-

1406 365 1514 406 822·

1402 446 1439 486 J.
1461 446 1512 487 C.

1414 526 1492 571 69.-
