1659 2928
168 108 278 185 518
376 105 458 161 IN
514 101 819 162 anum
869 119 1245 178 QUARTUM
1544 149 1586 189 3¹3

231 201 358 251 CAP.
371 197 564 253 XXIV.
583 198 626 250 E
644 200 915 267 legionibus.
933 204 1113 269 Quarta
1127 203 1454 275 Macedonic53
1551 244 1560 275 :1
1583 190 1587 228 ³

169 273 214 316 &
240 267 593 316 duoetvicefima
613 301 629 325 ‚
670 285 772 335 quae
795 268 1090 337 Mogontiaci
1121 271 1336 339 agebant.

232 331 478 382 Invalidus
512 350 707 395 corpore.
742 335 938 385 Seneffli
962 344 1006 386 &
1028 340 1258 389 debilitate
1275 340 1450 405 pedum

165 400 393 449 invalidus
412 439 426 462 ‚
460 417 509 450 ut
532 401 705 450 dictum
726 399 860 468 supra*
887 403 1010 453 Hiss.
1032 406 1054 454 I
1075 445 1089 467 ‚
1118 426 1166 464 9.

233 464 465 532 Armaque
493 466 643 530 palam
677 467 854 528 depelli.
898 470 966 519 Ita
999 471 1144 522 ferme
1179 474 1449 536 Sallustius,

166 531 306 582 Orat.
346 533 407 582 II.
458 532 513 594 de
560 533 816 598 Republica
853 536 1111 588 ordinanda
1143 573 1158 594 ‚
1205 541 1328 606 Cap.
1370 556 1448 600 52.

163 599 240 650 Ho
280 616 348 648 em
379 597 614 666 adveffum
634 616 881 662 opprimere
897 639 912 661 ‚
923 602 1109 668 strenuo
1132 605 1301 656 homini
1323 604 1448 666 haud

162 664 211 715 di
264 665 349 715 cile
372 664 430 731 est
450 686 466 713 .·
501 663 677 716 occulta
702 666 905 728 pericula
925 685 1066 737 neque
1073 671 1238 736 facere
1258 709 1273 733 ‚
1303 687 1448 739 neque

162 733 317 784 vitare
338 771 354 792 ‚
390 730 518 784 bonis
552 732 602 782 in
629 749 837 797 promptu
869 733 943 800 est.

229 797 487 850 Traditore.
522 797 740 849 Traditor
763 839 777 861 ,
814 819 905 849 vox
931 819 958 850 a
988 803 1123 852 nullis
1153 801 1446 870 scriptoribus

163 861 392 915 Romanis
426 863 639 932 usurpata
661 885 676 928 3
711 864 856 916 multo
882 867 985 934 post
1015 887 1042 918 a
1070 869 1339 919 Christianis
1367 887 1447 918 re·-

158 948 306 997 perta.
343 931 490 981 Unde
522 934 774 1000 legendum
807 936 1016 984 existimo
1035 974 1048 996 ,
1078 934 1313 1000 interfec‘lo
1338 951 1445 984 tra-

162 997 314 1049 ditove
329 1019 345 1047 .·
369 1017 540 1065 nempe
560 997 730 1048 tradito
752 998 981 1063 hostibus,
1009 1002 1278 1070 quibuscum
1297 1000 1446 1057 socie<

164 1081 305 1117 tatem
335 1063 465 1115 iniffe
499 1065 749 1115 dicebatur.

226 1198 355 1249 CAP.
375 1196 544 1248 XXV.
582 1196 763 1250 Cladis.
797 1199 876 1250 De
903 1198 995 1266 qua
1025 1197 1159 1266 supra
1191 1198 1313 1265 Cap.
1335 1213 1415 1248 20.

225 1264 427 1330 Repens.
464 1264 557 1314 Pro
591 1281 751 1313 recens
774 1282 795 1324 ;
835 1282 885 1314 ut
913 1266 1030 1333 saepe
1060 1269 1345 1314 monuimus.

168 1352 171 1355 ·
227 1330 516 1398 Aquiliferis.
554 1330 681 1380 Bene
719 1331 940 1397 Lipfius:
984 1332 1254 1400 AquiliferiS
1293 1330 1444 1380 trade-

159 1399 326 1448 bantur
351 1399 554 1465 epistolae
575 1437 589 1459 ,
618 1415 666 1448 ut
685 1398 744 1447 ad
765 1399 895 1467 figna
911 1439 925 1461 ‚
955 1399 1003 1448 id
1023 1400 1087 1449 est
1108 1401 1155 1449 in
1177 1400 1444 1466 principiis,

159 1465 217 1514 de
241 1467 404 1533 quibus
431 1466 604 1514 difflum
637 1466 812 1514 Annal.
839 1466 893 1526 I,
930 1474 1008 1515 61.
1037 1467 1311 1534 legerentur.
1365 1464 1445 1515 Sic

157 1532 428 1598 Spartianus
447 1535 495 1580 in
513 1529 768 1580 Pescennio
789 1532 947 1598 Nigro
964 1571 976 1593 ,
1008 1532 1132 1597 Cap.
1151 1550 1182 1591 4
1203 1570 1216 1592 ‚
1241 1549 1296 1580 ex
1318 1525 1444 1595 epis-

160 1600 254 1648 tola
277 1599 350 1648 M.
367 1599 601 1648 Antonini
623 1597 935 1665 ImperatoriS.
975 1595 1133 1664 Itaque
1156 1596 1253 1664 misi
1277 1596 1445 1647 literas

161 1664 438 1717 recitandas
461 1663 689 1730 adfigna.
972 1698 975 1705 ·

224 1729 481 1797 Ujicrpandi
518 1730 657 1796 juris.
701 1728 755 1778 Id
792 1730 856 1779 est
881 1768 896 1791 ,
938 1727 1186 1795 usurpandi
1227 1729 1335 1794 juris
1378 1726 1447 1779 sui

157 1799 313 1850 causa.

225 1929 353 1980 CAP.
373 1928 564 1980 XXVI.
600 1926 740 1996 Quod
766 1927 815 1977 in
843 1945 960 1993 pace
983 1967 997 1987 ‚
1022 1926 1144 1991 fors.
1186 1926 1292 1976 Nec
1311 1926 1444 1975 aliter

158 1995 341 2046 Tullius
364 1997 420 2045 de
439 1997 741 2047 Divinatione
757 1995 803 2043 II
820 2034 834 2057 ‚
851 2015 907 2053 27
925 2035 938 2057 ,
958 1994 1062 2043 curn
1083 1996 1208 2044 varia
1224 1993 1441 2068 prodigia

157 2063 452 2113 memorasset
478 2082 489 2110 z
522 2061 671 2127 Atque
695 2061 791 2112 haec
817 2063 865 2110 in
886 2060 999 2111 hello
1025 2060 1157 2122 plura
1189 2059 1238 2111 Cr
1262 2073 1439 2135 majora
1530 2124 1532 2127 ι

158 2130 375 2181 videntur
426 2129 723 2179 timentibus.-
762 2128 918 2178 eadem
957 2145 1048 2176 non
1089 2143 1183 2176 tam
1219 2123 1440 2176 ammad-

157 2212 401 2248 vertuntur
440 2197 486 2246 in
523 2212 654 2258 pace.
687 2195 885 2245 Accedit
919 2192 1032 2244 illud
1067 2194 1205 2242 etiam
1241 2189 1355 2256 quod
1388 2190 1439 2239 in

159 2278 283 2312 metu
313 2262 363 2312 tr
392 2262 590 2326 periculo
618 2302 634 2325 ,
678 2263 775 2311 cam
809 2261 1056 2311 creduntur
1075 2258 1269 2321 facilius
1291 2296 1303 2318 ‚
1341 2271 1436 2304 tum

148 2327 398 2444 {ing-untur
428 2328 670 2392 impunitis·
706 2328 831 2381 Vide
855 2335 899 2376 ὅ(
918 2326 1134 2375 Tacitum
1156 2322 1288 2391 supra
1310 2322 1434 2372 Hist.

196 2434 210 2458 ‚
243 2400 320 2445 86.
1467 2414 1470 2418 -

226 2461 487 2530 Novesium.
542 2462 685 2512 Nunc
720 2459 883 2522 Nais,
920 2475 996 2509 aut
1036 2474 1084 2508 ut
1123 2459 1201 2507 alii
1236 2454 1439 2506 scribunt

158 2527 311 2592 Neuslv
334 2567 348 2590 ‚
385 2527 489 2594 pres
519 2526 796 2595 Duffeldorfi
1360 2546 1379 2558 ·

220 2592 545 2650 Sextadecima
571 2595 704 2666 legio,
745 2594 889 2662 Cujus
913 2591 1053 2643 castra
1071 2602 1199 2642 erant
1219 2583 1426 2639 Novem.
