1670 2961
0 1065 3 1148 l

0 2596 18 2648 ἱ,

4 2648 11 2665 s

270 185 823 232 n1sTOR1ARUM
865 167 1135 230 L13.11.
1243 182 1359 248 153

78 264 387 332 hominum
418 321 434 346 ‚
489 271 770 355 proximos
819 269 1135 328 AEduorum
1186 289 1355 352 pagos

82 356 336 415 trahebat
360 381 377 433 3
420 354 548 414 cum
574 351 882 434 gravissima
910 352 1100 410 civitas
1127 398 1143 422 ‚
1182 351 1355 411 electa

81 445 370 520 juventute
392 485 408 509 ,
431 437 657 518 adjectis
684 460 714 494 a
738 432 976 495 Vitellio
1002 434 1353 509 cohortibuS,

83 520 382 581 fanaticam
408 520 835 579 multitudinem
862 517 1096 599 disjecit.
1141 519 1356 599 Captus

82 605 144 663 in
167 626 232 662 eo
257 603 452 685 proelio
473 605 755 663 Mariccus
779 649 797 674 ‚
838 624 899 659 ac
924 624 1056 659 mox
1084 599 1216 660 feris
1249 602 1357 661 ob-

78 691 253 768 jectus
287 736 302 760 ‚
357 689 487 767 quia
534 710 650 745 non
696 684 1048 760 laniabatur,
1094 685 1361 746 stolidum

82 769 279 850 vulgus
329 769 714 850 inviolabilem
765 767 1029 827 credebat
1063 814 1080 839 ‚
1136 767 1362 845 donee,

84 855 360 936 spectante
394 852 632 913 Vitellio
657 899 674 924 ‚
711 848 1035 910 interfectus
1079 851 1169 909 est.

166 938 344 994 LXII.
392 937 540 995 NEC
579 934 724 995 ultra
767 935 827 993 in
874 933 1184 995 defectores
1208 983 1226 1008 ,
1265 955 1361 996 aut

82 1016 231 1077 bona
267 1017 634 1101 cujusquam,
684 1017 949 1078 saevitum.
1010 1021 1154 1078 Rata
1201 1017 1362 1080 fuere

82 1123 281 1160 eorum
307 1150 323 1175 ‚
366 1105 465 1183 qui
493 1104 608 1161 acie
636 1101 969 1161 Othoniana
1006 1102 1324 1163 ceciderant
1344 1151 1364 1177 ‚

84 1187 452 1260 testamenta,
495 1207 587 1245 aut
630 1185 718 1244 lex
761 1187 1041 1245 intestatis.
1095 1185 1317 1246 Prorsus
1342 1234 1363 1260 ‚

86 1267 128 1326 si
182 1268 403 1328 luxuri-ee
456 1290 794 1352 temperaret
832 1317 848 1341 ‚
907 1269 1197 1329 avaritiam
1245 1293 1364 1330 non

1 1381 6 1390 ’
89 1353 331 1412 timeres·
376 1353 676 1434 Epularum
714 1351 866 1412 foeda
911 1362 968 1414 δε
1008 1353 1363 1446 inexplebilis

77 1434 299 1493 libido:
328 1458 391 1494 ex
415 1437 572 1497 Urbe
595 1459 762 1518 atque
787 1435 946 1495 ltalia
963 1484 979 1509 ‚
1000 1437 1364 1497 inritamenta

84 1517 224 1602 gulae
249 1520 596 1602 gestabantur
610 1570 626 1594 ‚
650 1521 1014 1603 strepentibus
1035 1521 1103 1579 ab
1120 1543 1362 1602 utroque

84 1625 229 1662 mari
275 1603 565 1664 itineribus
610 1630 622 1664 ε
682 1606 922 1664 exhausti
971 1605 1365 1666 conviviorum.

83 1687 432 1770 apparatibus
468 1689 742 1771 principes
787 1690 1078 1749 civitatum
1115 1714 1129 1749 ι
1186 1690 1363 1749 vasta-

9 1836 11 1840 ,
86 1767 287 1830 bantur
303 1770 424 1852 ipsae
437 1775 709 1832 civitates:
729 1772 1107 1855 degenerabat
1124 1798 1155 1832 a
1169 1772 1363 1833 labore

87 1877 151 1914 ac
173 1855 375 1915 virtute
399 1857 578 1929 mile3‚
597 1855 962 1918 adsuetudine
987 1855 1363 1936 voluptatum,

86 1946 147 1998 δέ
177 1959 503 2020 contemptu
526 1940 697 2017 ducis.
761 1938 1024 1998 Praemisit
1055 1940 1114 1996 in
1138 1939 1364 1998 Urbem

85 2021 338 2081 edictum
366 2071 382 2094 ,
425 2046 537 2103 quo
560 2022 898 2082 vocabulum
921 2025 1149 2105 Augusti
1173 2020 1365 2083 differ-

87 2125 174 2164 ret
196 2152 213 2177 ‚
262 2103 478 2180 Caestzrz's
508 2130 623 2165 non
654 2107 925 2190 reciperet
948 2155 964 2179 ,
1001 2105 1131 2165 curn
1162 2107 1234 2167 de
1258 2130 1366 2190 po-

92 2189 279 2248 testate
314 2189 457 2248 nihil
491 2190 826 2250 detraheret.
873 2189 1017 2249 Pulfi
1049 2189 1207 2249 Italia
1240 2214 1365 2249 rna-

91 2271 396 2333 thematici.
453 2275 702 2334 Cautum
740 2273 958 2347 severe,
994 2298 1111 2334 cene
1148 2275 1367 2355 equites

88 2355 382 2414 „Romani
431 2355 566 2416 ludo
611 2366 670 2418 δε
703 2358 867 2418 arena
908 2357 1362 2440 polluerentur».

88 2438 306 2498 Priores
344 2439 404 2498 id
441 2442 720 2523 Principes
760 2441 1029 2524 pecunia,
1076 2449 1134 2499 &
1177 2438 1366 2519 saepius

89 2522 148 2580 vi
173 2568 189 2593 ‚
219 2521 569 2603 perpulerant
595 2549 607 2582 z
643 2548 705 2583 ac
735 2525 997 2607 pleraque
1021 2522 1327 2604 municipia
1344 2570 1364 2595 ‚

86 2612 150 2669 ἃ
181 2604 440 2681 coloniae,
474 2607 875 2669 aemulabantur
898 2605 1366 2687 corruptiffimum

1022 2692 1162 2752 Gv

1380 287 1573 316 a

1381 347 1433 388 A.
1450 350 1504 387 U.
1522 348 1578 397 C·-

1427 420 1536 464 822·

1422 497 1460 535 J.
1481 495 1536 536 C-

1437 565 1516 621 62.
1562 590 1567 593 v
