1670 2961
226 142 791 185 n1SToR1ARUM
835 123 980 181 L113.
1025 119 1100 181 ΙῙ.
1194 141 1310 202 145·

36 225 267 308 egregio
294 273 311 298 ,
356 221 712 283 tantumdem
740 221 885 303 apud
914 225 1155 304 poste-ros
1186 248 1311 284 me-

41 311 151 369 ruit
176 311 335 368 bona:
360 305 550 377 famae,
571 324 843 383 quantum
867 305 1039 365 maht.
1068 310 1150 365 Ut
1175 332 1310 366 con-

42 394 264 472 quirere
304 386 588 459 fabulosa,
639 395 695 446 &
734 386 872 467 fictis
910 388 1190 448 oblectare
1235 391 1315 449 le-

45 477 300 558 gentium
331 473 549 532 animos
578 517 594 542 ,
637 469 829 553 procul
852 472 1119 552 gravitate
1145 475 1314 555 coepti

43 560 223 642 operis
257 555 636 630 crediderim3
684 554 762 611 ita
798 553 1033 636 vulgatis
1072 555 1315 614 traditis-

45 664 155 723 que
200 639 428 699 demere
480 637 654 696 fidem
696 660 811 694 non
859 637 1048 696 aufim.
1109 667 1141 690 cc
1159 641 1273 699 Die
1297 689 1315 713 ‚

43 747 201 805 »quo
217 721 469 782 Bebriaci
489 720 834 789 certabatur,
863 743 1023 779 avem
1041 722 1317 782 invisitata

46 808 269 890 :aspecie
300 854 315 878 ‚
359 829 387 863 a
430 804 503 862 ud
528 804 772 884 Regium
799 804 1079 884 Lepidum
1108 806 1318 865 celebri

47 893 216 950 „vico
269 829 616 946 conliediffe»
649 924 665 957 5
714 885 906 943 incolae
954 909 1317 968 memorant3

55 995 201 1032 ‹tnec
222 970 426 1031 deinde
447 991 594 1028 coetu
613 969 909 1027 hominum
927 1017 942 1041 ‚
969 992 1062 1029 aut
1085 973 1320 1032 circum-

43 1055 447 1117 „volitantium
472 1052 667 1112 alitum
684 1101 698 1123 ‚
724 1053 974 1111 territam
1001 1054 1318 1135 pulsamve,

45 1140 270 1199 „donec
309 1139 471 1197 Otho
516 1135 569 1195 se
614 1134 724 1218 ipse
768 1136 1106 1197 interficeret
1132 1165 1143 1197 ε
1194 1160 1319 1199 tum

44 1253 80 1279 ο)
92 1223 332 1283 ablatam
357 1243 422 1280 ex
443 1219 615 1277 oculis
641 1244 652 1276 z
694 1227 750 1278 δε
773 1239 1027 1301 tempora
1055 1244 1320 1304 reputan⁴

46 1306 239 1367 „tibus
260 1354 276 1378 ‚
305 1304 529 1363 initium
552 1301 839 1382 finemque
865 1303 1152 1378 miraculi,
1186 1330 1319 1366 cum

47 1390 340 1449 „Othonis
369 1386 518 1446 exitu
545 1385 869 1468 competiffe
890 1417 948 1444 υ.

0 1698 3 1703 .
53 1659 345 1699 coerceret.
399 1637 495 1697 Ad
535 1638 876 1720 Verginium
922 1636 1101 1710 versi,
1146 1638 1323 1696 mocio

0 1761 10 1786 ι
61 1743 166 1782 «ηπ
193 1723 462 1805 reciperet
492 1722 868 1803 imperiumn,
903 1745 1054 1780 nunc
1089 1742 1202 1780 ccut
1242 1721 1326 1780 le·-

51 1807 319 1886 :ngatione
367 1803 514 1888 apud
564 1806 850 1864 Caecinam
903 1829 964 1864 ac
1012 1804 1326 1865 Valentem

55 1887 495 1972 »sanger-etur»,
531 1889 854 1947 minitantes
881 1888 1132 1946 orabant.
1176 1889 1327 1947 Ver-

54 1973 236 2056 ginius
263 1996 358 2053 per
383 1969 629 2031 aversam
656 1970 857 2031 domus
883 1992 1102 2053 partem
1126 1968 1327 2029 furtim

54 2055 331 2138 degressus
375 2103 391 2127 ‚
448 2056 831 2136 inrumpentes
894 2052 1174 2113 frustratus
1235 2057 1328 2114 est.

58 2142 257 2198 Earum
278 2187 294 2211 ,
319 2161 438 2218 quae
461 2138 688 2196 Brixelli
713 2159 942 2221 egerant
966 2187 981 2211 ‚
1009 2138 1331 2197 cohortium

61 2244 245 2305 preces
271 2222 513 2282 Rubrius
541 2221 733 2280 Gallus
763 2222 908 2280 tulit.
955 2225 1023 2281 Et
1049 2223 1212 2281 venia
1233 2224 1332 2280 sta-

62 2307 168 2364 tim
200 2306 492 2386 impetrata
514 2352 530 2377 ‚
572 2305 1011 2366 concedentibus
1049 2305 1122 2365 ad
1153 2306 1333 2364 victo-

60 2410 180 2449 rem
205 2436 220 2460 ‚
260 2410 355 2471 per
389 2388 638 2448 Flavium
677 2390 946 2449 Sabinum
966 2438 982 2463 ‚
1021 2392 1086 2449 iis
1115 2390 1287 2471 copiis
1310 2433 1332 2459 ,

3 2474 7 2485 ⁷
61 2471 264 2556 quibus
304 2468 606 2551 praefuerat.

92 2582 97 2586 ’
140 2557 261 2615 LII.
284 2557 504 2612 pomo
532 2555 739 2638 ubique
762 2555 914 2617 bello
934 2604 952 2631 ‚
985 2578 1191 2635 magna
1210 2576 1332 2639 pars

229 2641 381 2698 Tem.
424 2642 546 2701 IV.

140 1475 233 1532 LI.
269 1473 345 1529 IN
384 1468 580 1529 funere
625 1475 740 1549 ejus
768 1517 783 1541 ‚
827 1491 1030 1530 novata
1067 1467 1219 1528 luctu
1258 1463 1332 1529 ac'

52 1555 243 1619 dolore
284 1553 533 1613 militum
583 1550 823 1612 seditio:
870 1577 972 1614 nec
1018 1575 1176 1626 erat,
1223 1555 1350 1634 qui·

1334 249 1526 274 m

1335 303 1385 343 A.
1409 303 1509 342 U.C.

1382 376 1494 421 822.

1374 458 1412 497 J.
1448 456 1500 496 C.

1403 531 1426 570 6
1431 539 1480 585 9¹·
