1659 2928
194 135 322 191 494
436 115 514 171 IN
558 111 870 180 Linnum
919 132 1260 176 TER-rrum

269 209 604 260 Prominentem
633 211 870 274 porticum.
908 211 1054 261 Unde
1080 210 1294 263 Flaviani
1318 209 1481 264 vitel-

200 277 353 326 lianos
377 276 647 327 obruebant.
688 277 896 328 Porticus
917 279 1017 328 illas
1042 279 1225 331 exhibet
1249 280 1326 331 Cl.
1346 279 1483 329 Pira-
1561 331 1580 355 ,Ἰ

200 342 298 392 nesi
318 382 333 405 ,
361 343 454 392 loc.
480 345 554 393 cit.
1575 388 1590 402 2,

272 407 491 472 Capitolii
498 408 644 474 J‘bres.
663 408 807 460 Fores
829 410 1112 479 Capitolinae
1140 413 1255 461 arcis
1275 449 1289 472 ,
1319 412 1369 459 in
1389 410 1482 476 qua
1550 401 1575 464 ἶ

202 490 301 525 erat
343 479 568 543 templum
605 476 736 533 Jovis
775 478 1032 544 Capitolini
1063 518 1078 541 ‚
1129 495 1281 545 prope
1315 494 1484 543 rupem
1538 495 1539 499 ’
1594 506 1597 513 >

197 541 483 609 Tarpeiam..
930 588 933 591 .

269 609 449 659 Lucum
485 606 613 678 asyli.
646 606 806 672 Quem
842 610 971 686 olim·
988 607 1200 675 posuerat
1227 610 1484 672 Romulus,'

203 690 253 724 ut
274 678 548 742 impunitate
580 677 760 724 animos
794 675 1059 725 devinciret.
1096 676 1251 726 Lucus
1285 678 1366 725 ille
1401 676 1487 726 fuit

202 744 322 791 inter
358 742 468 792 duas
499 759 635 808 rupes
668 744 838 790 montis
876 741 1172 807 Capitolini3
1209 746 1259 791 in
1290 760 1485 811 quarum

204 808 297 857 una
333 826 428 859 erat
460 811 683 874 templum
720 807 851 862 Jovis
886 808 1146 874 Capitolini
1177 827 1188 856 2
1219 811 1268 858 in
1308 809 1486 873 alterii,
1544 817 1590 874 33¹

204 877 380 941 templa
402 875 534 930 Jovis
561 873 752 923 Feretrii
785 874 1011 923 &Martis
1042 874 1338 941 Capitolini,
1374 893 1488 943 quo-
1540 906 1597 930 -.,

203 959 306 990 rum
335 946 385 991 in
419 942 652 990 ruderibus
685 958 808 989 nunc
841 942 924 989 stat
967 941 1082 989 aedes
1114 943 1294 990 San&ae
1326 941 1488 991 Mariae
1547 949 1565 978 ὲ

203 1007 471 1059 Ara—Caeli.
509 1009 566 1056 In
598 1008 757 1056 locum
788 1007 881 1056 luci
915 1012 961 1054 &
989 1006 1102 1072 asyli
1133 1025 1260 1058 nunc
1287 1008 1488 1077 adsurgit
1551 1000 1582 1070 ἷῗ

202 1074 381 1142 Ρίαῖζα
413 1074 487 1124 del
522 1072 855 1138 Campidoglio.
1551 1075 1565 1102 ·ῗ

270 1140 476 1205 Tarpeia
496 1157 646 1203 rupes·
659 1141 714 1188 In
732 1139 1028 1190 Occidentali
1042 1141 1213 1189 montis
1227 1140 1488 1207 Capitolini

201 1222 334 1274 parte
354 1246 367 1270 ‚
404 1208 496 1277 qua
519 1207 578 1256 ad
595 1207 808 1256 Tiberim
834 1209 982 1275 vergit
1002 1244 1016 1268 ,
1055 1223 1151 1256 erat
1173 1206 1380 1273 Tarpeia
1402 1223 1487 1255 ru·—

202 1292 285 1340 pes
302 1312 316 1335 ‚
348 1275 471 1326 unde
496 1276 561 1323 rei
589 1273 933 1338 dejiciebantur.
974 1274 1051 1324 De
1081 1274 1135 1323 ea
1157 1274 1332 1324 distum
1353 1271 1487 1342 supra
1511 1316 1516 1320 .

205 1339 378 1390 Annal.
401 1341 473 1392 VI
495 1379 509 1402 ,
546 1359 619 1399 19.

269 1406 363 1458 Per
395 1406 581 1485 asylum.
616 1407 751 1485 ‘Qua
790 1423 886 1458 erat
922 1407 1127 1458 ascensus
1163 1406 1223 1457 ad
1263 1405 1488 1475 templum
1562 1407 1579 1458 ζ

200 1472 333 1529 Jovis
366 1474 643 1540 Capitolini.

270 1538 393 1607 Quae
424 1540 636 1589 crebrior.
671 1540 961 1606 Capitolium
987 1556 1141 1589 tamen
1178 1537 1492 1592 aVitellianis

151 1581 160 1585 -
198 1605 439 1654 incensum
473 1605 658 1654 tradunt
693 1605 868 1655 Plinius
900 1605 1128 1656 XXXIV
1145 1644 1159 1667 ‚
1190 1623 1238 1665 7.
1297 1602 1492 1670 Joseph.

199 1672 317 1721 Bell.
333 1671 363 1724 J
368 1672 441 1720 ud.
463 1671 551 1733 IV,
576 1690 593 1719 1
611 1690 650 1719 1.
670 1671 767 1720 Dio
783 1671 945 1731 LXV,
965 1689 1077 1739 pag.
1094 1690 1207 1730 742.
1228 1671 1293 1719 At
1310 1670 1488 1718 Plinius
1544 1691 1546 1694 ·
1575 1670 1583 1690 ⁴

202 1744 250 1786 &
291 1736 520 1804 Josephus
566 1735 781 1802 scripsere
815 1776 829 1799 ‚
876 1740 1134 1804 imperante
1167 1735 1489 1803 Vespafian03

199 1803 390 1854 Tacitus
425 1802 533 1854 vero
559 1842 573 1865 ‚
613 1802 692 1851 sub
725 1803 942 1869 Principe
979 1803 1191 1866 Traiano
1218 1842 1233 1866 ‚
1270 1802 1379 1853 cum
1407 1819 1491 1862 ves
1545 1805 1580 1866 ..ζ

198 1872 322 1920 ritati
345 1910 359 1932 ,
397 1888 496 1918 non
531 1869 819 1933 adulationi,
854 1872 985 1919 locus
1019 1869 1140 1921 effet.

270 1936 516 2002 Appqfitas
566 1935 757 1986 aedibus.
823 1935 1075 2002 Appofitas
1126 1935 1304 2002 templo
1354 1934 1489 1989 Jovis
1546 1901 1604 1995 ‘'fij''

201 2002 498 2070 Capitolini,
539 2005 666 2067 cujus
716 2003 844 2052 frons
889 2006 1092 2069 triplici,
1131 2004 1272 2052 latera
1315 2001 1487 2066 duplici

203 2073 527 2120 columnarum
564 2070 726 2119 ordine
760 2086 888 2119 erant
930 2072 1145 2119 instruCla
1166 2109 1180 2130 ‚
1222 2070 1326 2118 teste
1359 2068 1488 2116 Dio·

147 2189 149 2191 ¹
200 2136 334 2203 nyfio
367 2136 609 2186 Halicarn.
643 2137 721 2185 lib.
741 2136 828 2197 IV,
866 2135 990 2203 Cap.
1019 2145 1096 2186 61.
1133 2134 1274 2185 Forte
1315 2132 1490 2183 aedz'bus

205 2202 318 2251 dixit
347 2202 536 2252 Tacitus
559 2242 573 2265 ,
612 2201 740 2270 quod
769 2201 845 2251 sub
881 2203 1046 2252 eodem
1078 2204 1200 2253 tetsto
1237 2208 1281 2249 &
1316 2203 1489 2266 pinna-
1535 2203 1583 2263 ἧς,

204 2270 342 2329 culo,
375 2268 785 2337 communibusque
803 2270 1015 2319 lateribus
1041 2286 1126 2319 tres
1142 2270 1485 2317 continerentur
1629 2267 1635 2283 ¹¹

204 2335 322 2385 aedes
339 2373 352 2395 ,
383 2335 514 2389 Jovis
554 2353 723 2402 nempe
742 2376 756 2397 ,
783 2335 983 2388 Junonis
1011 2342 1055 2384 &
1077 2334 1300 2384 Minervae
1327 2372 1341 2396 ,
1381 2333 1488 2382 teste
1541 2338 1581 2389 1)

204 2402 374 2451 eodem
409 2402 640 2470 Dionyfio
675 2401 982 2451 Halicarnaff.
1017 2404 1109 2451 loc.
1141 2404 1216 2452 cit.

270 2467 470 2533 Aquilae.
522 2469 676 2522 Ἀετέςς
723 2487 912 2536 quoque
964 2470 1140 2538 aquilas
1179 2469 1279 2517 illas
1332 2466 1487 2515 dixere
1555 2467 1586 2498 ⁷²

202 2532 376 2582 Graeci.
404 2533 655 2602 Fastigium
675 2575 689 2596 ‚
718 2535 758 2584 le
775 2534 967 2599 fronton
983 2540 1003 2599 ‚'
1031 2535 1199 2602 fastigii
1235 2550 1292 2582 ue
1314 2533 1479 2582 decora
1615 2542 1618 2544 ’

203 2601 368 2652 statuas
403 2599 627 2671 lignaque
660 2600 936 2657 sustinebant
970 2602 1151 2671 aquilae.
1246 2617 1298 2651 ur
1316 2600 1481 2668 ligneae
