<?xml version="1.0" encoding="UTF-8"?>
<!DOCTYPE html PUBLIC "-//W3C//DTD XHTML 1.0 Transitional//EN"
    "http://www.w3.org/TR/xhtml1/DTD/xhtml1-transitional.dtd">
<html xmlns="http://www.w3.org/1999/xhtml" xml:lang="en" lang="en">
 <head>
  <title>
</title>
<meta http-equiv="Content-Type" content="text/html;charset=utf-8" />
  <meta name='ocr-system' content='tesseract 3.04.00' />
  <meta name='ocr-capabilities' content='ocr_page ocr_carea ocr_par ocr_line ocrx_word'/>
</head>
<body>
  <div class='ocr_page' id='page_1' title='image "./ccorneliitacitio04taci_0124.png"; bbox 0 0 1670 2961; ppageno 0'>
   <div class='ocr_carea' id='block_1_1' title="bbox 281 132 1365 200">
    <p class='ocr_par' dir='ltr' id='par_1_1' title="bbox 281 132 1365 200">
     <span class='ocr_line' id='line_1_1' title="bbox 281 132 1365 200; baseline 0.003 -3"><span class='ocrx_word' id='word_1_1' title='bbox 281 132 392 197; x_wconf 60' lang='lat'>11&#39;6</span> <span class='ocrx_word' id='word_1_2' title='bbox 489 139 560 195; x_wconf 89' lang='lat' dir='ltr'>C.</span> <span class='ocrx_word' id='word_1_3' title='bbox 601 135 1022 198; x_wconf 72' lang='lat' dir='ltr'>CORNELH</span> <span class='ocrx_word' id='word_1_4' title='bbox 1069 137 1365 200; x_wconf 72' lang='lat' dir='ltr'>TAcr‘r}</span> 
     </span>
    </p>
   </div>
   <div class='ocr_carea' id='block_1_2' title="bbox 53 235 1548 323">
    <p class='ocr_par' dir='ltr' id='par_1_2' title="bbox 53 235 1548 323">
     <span class='ocr_line' id='line_1_2' title="bbox 53 235 1548 323; baseline 0.005 -31"><span class='ocrx_word' id='word_1_5' title='bbox 53 254 246 292; x_wconf 53' lang='grc' dir='ltr'>*Ξ</span> <span class='ocrx_word' id='word_1_6' title='bbox 267 239 642 316; x_wconf 85' lang='lat' dir='ltr'>advenerant)</span> <span class='ocrx_word' id='word_1_7' title='bbox 675 238 987 299; x_wconf 84' lang='lat' dir='ltr'>tenebatur.</span> <span class='ocrx_word' id='word_1_8' title='bbox 1031 241 1212 323; x_wconf 83' lang='lat' dir='ltr'>Capta</span> <span class='ocrx_word' id='word_1_9' title='bbox 1232 235 1548 301; x_wconf 62' lang='lat' dir='ltr'>Pannonio}</span> 
     </span>
    </p>
   </div>
   <div class='ocr_carea' id='block_1_3' title="bbox 53 280 241 350">
    <p class='ocr_par' dir='ltr' id='par_1_3' title="bbox 53 280 241 350">
     <span class='ocr_line' id='line_1_3' title="bbox 53 280 241 350; baseline 0.016 -5"><span class='ocrx_word' id='word_1_10' title='bbox 53 280 103 346; x_wconf 62' lang='grc' dir='ltr'>λ.</span> <span class='ocrx_word' id='word_1_11' title='bbox 124 309 170 347; x_wconf 88' lang='lat' dir='ltr'>U.</span> <span class='ocrx_word' id='word_1_12' title='bbox 191 310 241 350; x_wconf 86' lang='lat' dir='ltr'>c.</span> 
     </span>
    </p>
   </div>
   <div class='ocr_carea' id='block_1_4' title="bbox 88 378 210 574">
    <p class='ocr_par' dir='ltr' id='par_1_4' title="bbox 88 378 210 574">
     <span class='ocr_line' id='line_1_4' title="bbox 98 378 203 421; baseline 0.019 -2"><span class='ocrx_word' id='word_1_13' title='bbox 98 378 203 421; x_wconf 80' lang='lat'>822.</span> 
     </span>
     <span class='ocr_line' id='line_1_5' title="bbox 88 452 210 495; baseline 0.025 -5"><span class='ocrx_word' id='word_1_14' title='bbox 88 452 125 491; x_wconf 86' lang='lat' dir='ltr'>J.</span> <span class='ocrx_word' id='word_1_15' title='bbox 157 454 210 495; x_wconf 89' lang='lat' dir='ltr'>C.</span> 
     </span>
     <span class='ocr_line' id='line_1_6' title="bbox 106 524 182 574; baseline 0 -11"><span class='ocrx_word' id='word_1_16' title='bbox 106 524 182 574; x_wconf 75' lang='lat'>69.</span> 
     </span>
    </p>
   </div>
   <div class='ocr_carea' id='block_1_5' title="bbox 259 323 1597 2672">
    <p class='ocr_par' dir='ltr' id='par_1_5' title="bbox 259 323 1597 1157">
     <span class='ocr_line' id='line_1_7' title="bbox 266 323 1542 406; baseline 0.002 -24"><span class='ocrx_word' id='word_1_17' title='bbox 266 346 392 382; x_wconf 87' lang='lat' dir='ltr'>rum</span> <span class='ocrx_word' id='word_1_18' title='bbox 417 323 614 382; x_wconf 82' lang='lat' dir='ltr'>cohors</span> <span class='ocrx_word' id='word_1_19' title='bbox 644 323 793 406; x_wconf 85' lang='lat' dir='ltr'>apud</span> <span class='ocrx_word' id='word_1_20' title='bbox 817 325 1188 384; x_wconf 79' lang='lat' dir='ltr'><strong>Cremonam.</strong></span> <span class='ocrx_word' id='word_1_21' title='bbox 1239 326 1542 406; x_wconf 84' lang='lat' dir='ltr'>Intercepti</span> 
     </span>
     <span class='ocr_line' id='line_1_8' title="bbox 267 407 1544 487; baseline 0 -21"><span class='ocrx_word' id='word_1_22' title='bbox 267 427 496 466; x_wconf 89' lang='lat' dir='ltr'>centum</span> <span class='ocrx_word' id='word_1_23' title='bbox 521 407 736 487; x_wconf 77' lang='lat' dir='ltr'>equites</span> <span class='ocrx_word' id='word_1_24' title='bbox 761 454 778 479; x_wconf 87' lang='lat'>,</span> <span class='ocrx_word' id='word_1_25' title='bbox 822 430 885 465; x_wconf 87' lang='lat' dir='ltr'>ac</span> <span class='ocrx_word' id='word_1_26' title='bbox 924 407 1080 468; x_wconf 84' lang='lat' dir='ltr'>mille</span> <span class='ocrx_word' id='word_1_27' title='bbox 1117 408 1312 468; x_wconf 82' lang='lat' dir='ltr'>claffici</span> <span class='ocrx_word' id='word_1_28' title='bbox 1337 456 1354 481; x_wconf 91' lang='lat'>,</span> <span class='ocrx_word' id='word_1_29' title='bbox 1394 411 1544 468; x_wconf 86' lang='lat' dir='ltr'>inter</span> 
     </span>
     <span class='ocr_line' id='line_1_9' title="bbox 265 490 1543 574; baseline 0.001 -24"><span class='ocrx_word' id='word_1_30' title='bbox 265 490 611 550; x_wconf 81' lang='lat' dir='ltr'>Placentiam</span> <span class='ocrx_word' id='word_1_31' title='bbox 656 491 1041 571; x_wconf 87' lang='lat' dir='ltr'>Ticinumque</span> <span class='ocrx_word' id='word_1_32' title='bbox 1075 517 1087 549; x_wconf 73' lang='grc' dir='ltr'><strong><em>ι</em></strong></span> <span class='ocrx_word' id='word_1_33' title='bbox 1144 516 1259 574; x_wconf 88' lang='lat' dir='ltr'>quo</span> <span class='ocrx_word' id='word_1_34' title='bbox 1300 490 1543 551; x_wconf 81' lang='lat' dir='ltr'>succeffu</span> 
     </span>
     <span class='ocr_line' id='line_1_10' title="bbox 265 573 1545 656; baseline 0 -20"><span class='ocrx_word' id='word_1_35' title='bbox 265 574 605 636; x_wconf 89' lang='lat' dir='ltr'>Vitellianus</span> <span class='ocrx_word' id='word_1_36' title='bbox 646 573 808 633; x_wconf 87' lang='lat' dir='ltr'>miles</span> <span class='ocrx_word' id='word_1_37' title='bbox 833 621 850 647; x_wconf 82' lang='lat'>‚</span> <span class='ocrx_word' id='word_1_38' title='bbox 895 597 1011 632; x_wconf 91' lang='lat' dir='ltr'>non</span> <span class='ocrx_word' id='word_1_39' title='bbox 1042 581 1157 656; x_wconf 87' lang='lat' dir='ltr'>jam</span> <span class='ocrx_word' id='word_1_40' title='bbox 1186 576 1418 635; x_wconf 89' lang='lat' dir='ltr'>flumine</span> <span class='ocrx_word' id='word_1_41' title='bbox 1447 597 1545 636; x_wconf 86' lang='lat' dir='ltr'>aut</span> 
     </span>
     <span class='ocr_line' id='line_1_11' title="bbox 264 656 1549 739; baseline 0.001 -22"><span class='ocrx_word' id='word_1_42' title='bbox 264 659 394 739; x_wconf 86' lang='lat' dir='ltr'>ripis</span> <span class='ocrx_word' id='word_1_43' title='bbox 423 656 727 717; x_wconf 79' lang='lat' dir='ltr'>arcebatur.</span> <span class='ocrx_word' id='word_1_44' title='bbox 791 657 1065 716; x_wconf 82' lang='lat' dir='ltr'>Inritabat</span> <span class='ocrx_word' id='word_1_45' title='bbox 1096 659 1234 739; x_wconf 89' lang='lat' dir='ltr'>quin</span> <span class='ocrx_word' id='word_1_46' title='bbox 1258 660 1430 718; x_wconf 87' lang='lat' dir='ltr'>etiarn</span> <span class='ocrx_word' id='word_1_47' title='bbox 1450 662 1549 718; x_wconf 81' lang='lat' dir='ltr'>Ba-</span> 
     </span>
     <span class='ocr_line' id='line_1_12' title="bbox 265 740 1545 824; baseline 0.002 -23"><span class='ocrx_word' id='word_1_48' title='bbox 265 762 418 801; x_wconf 87' lang='lat' dir='ltr'>tavos</span> <span class='ocrx_word' id='word_1_49' title='bbox 433 740 1002 823; x_wconf 80' lang='lat' dir='ltr'>Transrhenanosque</span> <span class='ocrx_word' id='word_1_50' title='bbox 1018 743 1198 801; x_wconf 87' lang='lat' dir='ltr'>Padus</span> <span class='ocrx_word' id='word_1_51' title='bbox 1211 742 1324 824; x_wconf 88' lang='lat' dir='ltr'>ipse</span> <span class='ocrx_word' id='word_1_52' title='bbox 1342 767 1352 799; x_wconf 75' lang='grc' dir='ltr'><em>τ</em></span> <span class='ocrx_word' id='word_1_53' title='bbox 1371 767 1408 823; x_wconf 85' lang='lat' dir='ltr'>q</span> <span class='ocrx_word' id='word_1_54' title='bbox 1412 765 1545 803; x_wconf 85' lang='lat' dir='ltr'>uem</span> 
     </span>
     <span class='ocr_line' id='line_1_13' title="bbox 264 825 1545 907; baseline -0.001 -23"><span class='ocrx_word' id='word_1_55' title='bbox 264 827 491 906; x_wconf 67' lang='lat' dir='ltr'>repente</span> <span class='ocrx_word' id='word_1_56' title='bbox 544 846 739 884; x_wconf 89' lang='lat' dir='ltr'>contra</span> <span class='ocrx_word' id='word_1_57' title='bbox 793 825 1137 893; x_wconf 79' lang='lat' dir='ltr'>Placentiam</span> <span class='ocrx_word' id='word_1_58' title='bbox 1197 825 1501 907; x_wconf 84' lang='lat' dir='ltr'>transgressi</span> <span class='ocrx_word' id='word_1_59' title='bbox 1523 873 1545 898; x_wconf 84' lang='grc'>,</span> 
     </span>
     <span class='ocr_line' id='line_1_14' title="bbox 264 907 1544 991; baseline 0.002 -24"><span class='ocrx_word' id='word_1_60' title='bbox 264 910 433 991; x_wconf 78' lang='lat' dir='ltr'>raptis</span> <span class='ocrx_word' id='word_1_61' title='bbox 462 907 798 990; x_wconf 87' lang='lat' dir='ltr'>quibusdam</span> <span class='ocrx_word' id='word_1_62' title='bbox 835 908 1275 989; x_wconf 76' lang='lat' dir='ltr'>exploratoribus</span> <span class='ocrx_word' id='word_1_63' title='bbox 1298 957 1316 980; x_wconf 84' lang='lat'>,</span> <span class='ocrx_word' id='word_1_64' title='bbox 1356 910 1435 967; x_wconf 85' lang='lat' dir='ltr'>ita</span> <span class='ocrx_word' id='word_1_65' title='bbox 1463 933 1544 969; x_wconf 89' lang='lat' dir='ltr'>ce-</span> 
     </span>
     <span class='ocr_line' id='line_1_15' title="bbox 265 990 1597 1068; baseline 0.002 -16"><span class='ocrx_word' id='word_1_66' title='bbox 265 1013 412 1052; x_wconf 84' lang='lat' dir='ltr'>teros</span> <span class='ocrx_word' id='word_1_67' title='bbox 430 1014 675 1052; x_wconf 87' lang='lat' dir='ltr'>terruere</span> <span class='ocrx_word' id='word_1_68' title='bbox 693 1040 710 1068; x_wconf 87' lang='grc'>,</span> <span class='ocrx_word' id='word_1_69' title='bbox 725 1013 831 1052; x_wconf 78' lang='lat' dir='ltr'>utet</span> <span class='ocrx_word' id='word_1_70' title='bbox 847 990 1030 1052; x_wconf 81' lang='lat' dir='ltr'>adeffe</span> <span class='ocrx_word' id='word_1_71' title='bbox 1046 1015 1283 1051; x_wconf 84' lang='lat' dir='ltr'>omn-em</span> <span class='ocrx_word' id='word_1_72' title='bbox 1307 991 1544 1054; x_wconf 80' lang='lat' dir='ltr'>Caecinae</span> <span class='ocrx_word' id='word_1_73' title='bbox 1591 993 1597 1000; x_wconf 54' lang='lat'>⁸</span> 
     </span>
     <span class='ocr_line' id='line_1_16' title="bbox 259 1073 1529 1157; baseline -0.001 -20"><span class='ocrx_word' id='word_1_74' title='bbox 259 1077 616 1137; x_wconf 51' lang='lat' dir='ltr'>mexercitum</span> <span class='ocrx_word' id='word_1_75' title='bbox 633 1106 667 1129; x_wconf 64' lang='grc' dir='ltr'>πο</span> <span class='ocrx_word' id='word_1_76' title='bbox 696 1076 903 1157; x_wconf 82' lang='lat' dir='ltr'>trepidi</span> <span class='ocrx_word' id='word_1_77' title='bbox 927 1098 986 1135; x_wconf 87' lang='lat' dir='ltr'>ac</span> <span class='ocrx_word' id='word_1_78' title='bbox 1010 1073 1128 1134; x_wconf 80' lang='lat' dir='ltr'>falsi</span> <span class='ocrx_word' id='word_1_79' title='bbox 1158 1076 1499 1136; x_wconf 85' lang='lat' dir='ltr'>nuntiarent.</span> <span class='ocrx_word' id='word_1_80' title='bbox 1526 1142 1529 1143; x_wconf 13' lang='lat'><em>⁷</em></span> 
     </span>
    </p>

    <p class='ocr_par' dir='ltr' id='par_1_6' title="bbox 259 1160 1583 2404">
     <span class='ocr_line' id='line_1_17' title="bbox 351 1160 1546 1240; baseline 0.001 -20"><span class='ocrx_word' id='word_1_81' title='bbox 351 1161 572 1222; x_wconf 80' lang='lat' dir='ltr'><strong>XVIII.</strong></span> <span class='ocrx_word' id='word_1_82' title='bbox 608 1162 708 1220; x_wconf 67' lang='lat' dir='ltr'>CF„</span> <span class='ocrx_word' id='word_1_83' title='bbox 726 1183 805 1219; x_wconf 85' lang='lat' dir='ltr'>RT</span> <span class='ocrx_word' id='word_1_84' title='bbox 825 1184 862 1222; x_wconf 77' lang='lat' dir='ltr'>U</span> <span class='ocrx_word' id='word_1_85' title='bbox 884 1181 934 1219; x_wconf 87' lang='grc' dir='ltr'><strong>Μ</strong></span> <span class='ocrx_word' id='word_1_86' title='bbox 978 1179 1094 1219; x_wconf 87' lang='lat' dir='ltr'>erat</span> <span class='ocrx_word' id='word_1_87' title='bbox 1135 1160 1418 1240; x_wconf 82' lang='lat' dir='ltr'>Spurinnae</span> <span class='ocrx_word' id='word_1_88' title='bbox 1457 1163 1475 1239; x_wconf 82' lang='lat'>(</span> <span class='ocrx_word' id='word_1_89' title='bbox 1498 1161 1546 1221; x_wconf 83' lang='lat' dir='ltr'>is</span> 
     </span>
     <span class='ocr_line' id='line_1_18' title="bbox 268 1242 1544 1320; baseline 0 -15"><span class='ocrx_word' id='word_1_90' title='bbox 268 1244 425 1305; x_wconf 87' lang='lat' dir='ltr'>enim</span> <span class='ocrx_word' id='word_1_91' title='bbox 485 1244 833 1304; x_wconf 82' lang='lat' dir='ltr'>Placentiam</span> <span class='ocrx_word' id='word_1_92' title='bbox 883 1242 1179 1303; x_wconf 86' lang='lat' dir='ltr'>obtinebat</span> <span class='ocrx_word' id='word_1_93' title='bbox 1213 1245 1231 1320; x_wconf 92' lang='lat'>)</span> <span class='ocrx_word' id='word_1_94' title='bbox 1295 1243 1544 1306; x_wconf 85' lang='lat' dir='ltr'>necdum</span> 
     </span>
     <span class='ocr_line' id='line_1_19' title="bbox 261 1325 1545 1409; baseline 0 -21"><span class='ocrx_word' id='word_1_95' title='bbox 261 1325 469 1388; x_wconf 75' lang='lat' dir='ltr'>venisse</span> <span class='ocrx_word' id='word_1_96' title='bbox 509 1328 795 1387; x_wconf 81' lang='lat' dir='ltr'>Caecinam</span> <span class='ocrx_word' id='word_1_97' title='bbox 822 1375 839 1400; x_wconf 85' lang='lat'>,</span> <span class='ocrx_word' id='word_1_98' title='bbox 887 1336 945 1388; x_wconf 67' lang='grc' dir='ltr'>δε</span> <span class='ocrx_word' id='word_1_99' title='bbox 965 1375 982 1400; x_wconf 88' lang='grc'>,</span> <span class='ocrx_word' id='word_1_100' title='bbox 1023 1326 1075 1385; x_wconf 20' lang='lat' dir='ltr'>fi.</span> <span class='ocrx_word' id='word_1_101' title='bbox 1100 1326 1504 1409; x_wconf 84' lang='lat' dir='ltr'>propinquaret</span> <span class='ocrx_word' id='word_1_102' title='bbox 1522 1377 1545 1406; x_wconf 79' lang='lat'>‚</span> 
     </span>
     <span class='ocr_line' id='line_1_20' title="bbox 263 1411 1543 1485; baseline 0.002 -14"><span class='ocrx_word' id='word_1_103' title='bbox 263 1433 519 1472; x_wconf 89' lang='lat' dir='ltr'>coercere</span> <span class='ocrx_word' id='word_1_104' title='bbox 550 1412 696 1472; x_wconf 90' lang='lat' dir='ltr'>intra</span> <span class='ocrx_word' id='word_1_105' title='bbox 721 1411 1081 1471; x_wconf 85' lang='lat' dir='ltr'>munimenta</span> <span class='ocrx_word' id='word_1_106' title='bbox 1110 1411 1355 1470; x_wconf 84' lang='lat' dir='ltr'>militem</span> <span class='ocrx_word' id='word_1_107' title='bbox 1380 1460 1397 1485; x_wconf 82' lang='lat'><strong><em>,</em></strong></span> <span class='ocrx_word' id='word_1_108' title='bbox 1437 1436 1543 1474; x_wconf 88' lang='lat' dir='ltr'>nec</span> 
     </span>
     <span class='ocr_line' id='line_1_21' title="bbox 264 1493 1546 1579; baseline 0.002 -24"><span class='ocrx_word' id='word_1_109' title='bbox 264 1497 361 1555; x_wconf 85' lang='lat' dir='ltr'>tris</span> <span class='ocrx_word' id='word_1_110' title='bbox 389 1497 664 1579; x_wconf 62' lang='lat' dir='ltr'>praetorias</span> <span class='ocrx_word' id='word_1_111' title='bbox 695 1497 952 1556; x_wconf 89' lang='lat' dir='ltr'>cohortes</span> <span class='ocrx_word' id='word_1_112' title='bbox 976 1542 993 1568; x_wconf 85' lang='grc'>,</span> <span class='ocrx_word' id='word_1_113' title='bbox 1032 1504 1089 1556; x_wconf 86' lang='lat'>&amp;</span> <span class='ocrx_word' id='word_1_114' title='bbox 1128 1493 1287 1554; x_wconf 89' lang='lat' dir='ltr'>mille</span> <span class='ocrx_word' id='word_1_115' title='bbox 1325 1496 1546 1557; x_wconf 64' lang='lat' dir='ltr'>vexilla:</span> 
     </span>
     <span class='ocr_line' id='line_1_22' title="bbox 260 1578 1550 1664; baseline 0 -25"><span class='ocrx_word' id='word_1_116' title='bbox 260 1581 372 1639; x_wconf 86' lang='lat' dir='ltr'>rios</span> <span class='ocrx_word' id='word_1_117' title='bbox 390 1626 407 1651; x_wconf 83' lang='grc'>,</span> <span class='ocrx_word' id='word_1_118' title='bbox 432 1602 563 1639; x_wconf 86' lang='lat' dir='ltr'>curn</span> <span class='ocrx_word' id='word_1_119' title='bbox 582 1580 768 1664; x_wconf 83' lang='lat' dir='ltr'>paucis</span> <span class='ocrx_word' id='word_1_120' title='bbox 789 1578 1092 1661; x_wconf 69' lang='lat' dir='ltr'>equirihm,</span> <span class='ocrx_word' id='word_1_121' title='bbox 1116 1600 1382 1639; x_wconf 86' lang='lat' dir='ltr'>veterano</span> <span class='ocrx_word' id='word_1_122' title='bbox 1400 1599 1550 1641; x_wconf 59' lang='lat' dir='ltr'>exere</span> 
     </span>
     <span class='ocr_line' id='line_1_23' title="bbox 263 1661 1583 1745; baseline 0.002 -22"><span class='ocrx_word' id='word_1_123' title='bbox 263 1664 401 1723; x_wconf 90' lang='lat' dir='ltr'>citui</span> <span class='ocrx_word' id='word_1_124' title='bbox 436 1663 701 1745; x_wconf 79' lang='lat' dir='ltr'>oincere.</span> <span class='ocrx_word' id='word_1_125' title='bbox 743 1665 854 1723; x_wconf 87' lang='lat' dir='ltr'>Sed</span> <span class='ocrx_word' id='word_1_126' title='bbox 884 1662 1198 1723; x_wconf 84' lang='lat' dir='ltr'>indomitus</span> <span class='ocrx_word' id='word_1_127' title='bbox 1231 1661 1395 1723; x_wconf 85' lang='lat' dir='ltr'>miles</span> <span class='ocrx_word' id='word_1_128' title='bbox 1422 1712 1439 1736; x_wconf 89' lang='lat'>,</span> <span class='ocrx_word' id='word_1_129' title='bbox 1486 1673 1545 1726; x_wconf 62' lang='grc' dir='ltr'>δέ</span> <span class='ocrx_word' id='word_1_130' title='bbox 1580 1732 1583 1737; x_wconf 41' lang='grc'>,</span> 
     </span>
     <span class='ocr_line' id='line_1_24' title="bbox 261 1745 1544 1830; baseline 0.001 -24"><span class='ocrx_word' id='word_1_131' title='bbox 261 1746 400 1807; x_wconf 90' lang='lat' dir='ltr'>belli</span> <span class='ocrx_word' id='word_1_132' title='bbox 424 1749 678 1830; x_wconf 84' lang='lat' dir='ltr'>ignarus,</span> <span class='ocrx_word' id='word_1_133' title='bbox 703 1748 969 1830; x_wconf 85' lang='lat' dir='ltr'>correptis</span> <span class='ocrx_word' id='word_1_134' title='bbox 992 1746 1157 1829; x_wconf 83' lang='lat' dir='ltr'>fignis</span> <span class='ocrx_word' id='word_1_135' title='bbox 1180 1745 1504 1828; x_wconf 84' lang='lat' dir='ltr'>vexillisque</span> <span class='ocrx_word' id='word_1_136' title='bbox 1527 1796 1544 1822; x_wconf 83' lang='lat'>‚</span> 
     </span>
     <span class='ocr_line' id='line_1_25' title="bbox 262 1829 1546 1904; baseline 0.001 -15"><span class='ocrx_word' id='word_1_137' title='bbox 262 1853 422 1890; x_wconf 86' lang='lat' dir='ltr'>ruere</span> <span class='ocrx_word' id='word_1_138' title='bbox 447 1878 463 1903; x_wconf 87' lang='lat'>‚</span> <span class='ocrx_word' id='word_1_139' title='bbox 498 1840 558 1891; x_wconf 83' lang='lat'>&amp;</span> <span class='ocrx_word' id='word_1_140' title='bbox 595 1832 862 1890; x_wconf 85' lang='lat' dir='ltr'>retinenti</span> <span class='ocrx_word' id='word_1_141' title='bbox 903 1830 1033 1889; x_wconf 83' lang='lat' dir='ltr'>duci</span> <span class='ocrx_word' id='word_1_142' title='bbox 1071 1829 1182 1888; x_wconf 89' lang='lat' dir='ltr'>tela</span> <span class='ocrx_word' id='word_1_143' title='bbox 1216 1829 1494 1890; x_wconf 86' lang='lat' dir='ltr'>intentare</span> <span class='ocrx_word' id='word_1_144' title='bbox 1524 1879 1546 1904; x_wconf 89' lang='lat'>,</span> 
     </span>
     <span class='ocr_line' id='line_1_26' title="bbox 259 1910 1544 1996; baseline 0 -22"><span class='ocrx_word' id='word_1_145' title='bbox 259 1913 455 1996; x_wconf 85' lang='lat' dir='ltr'>spretis</span> <span class='ocrx_word' id='word_1_146' title='bbox 507 1914 926 1975; x_wconf 85' lang='lat' dir='ltr'>centurionibus</span> <span class='ocrx_word' id='word_1_147' title='bbox 982 1910 1327 1994; x_wconf 87' lang='lat' dir='ltr'>tribunisque</span> <span class='ocrx_word' id='word_1_148' title='bbox 1366 1962 1384 1987; x_wconf 86' lang='lat'>‚</span> <span class='ocrx_word' id='word_1_149' title='bbox 1444 1915 1544 1996; x_wconf 84' lang='lat' dir='ltr'>qui</span> 
     </span>
     <span class='ocr_line' id='line_1_27' title="bbox 271 1997 1539 2080; baseline -0.003 -24"><span class='ocrx_word' id='word_1_150' title='bbox 271 1998 707 2080; x_wconf 64' lang='lat' dir='ltr'>«proditionem</span> <span class='ocrx_word' id='word_1_151' title='bbox 738 2046 755 2070; x_wconf 84' lang='lat'>‚</span> <span class='ocrx_word' id='word_1_152' title='bbox 802 2006 861 2057; x_wconf 74' lang='grc' dir='ltr'>δε</span> <span class='ocrx_word' id='word_1_153' title='bbox 904 1997 1148 2056; x_wconf 88' lang='lat' dir='ltr'>accitum</span> <span class='ocrx_word' id='word_1_154' title='bbox 1193 1998 1539 2057; x_wconf 60' lang='lat' dir='ltr'>Caecinam»</span> 
     </span>
     <span class='ocr_line' id='line_1_28' title="bbox 263 2079 1543 2142; baseline 0.001 -2"><span class='ocrx_word' id='word_1_155' title='bbox 263 2081 646 2142; x_wconf 87' lang='lat' dir='ltr'>clamitabant.</span> <span class='ocrx_word' id='word_1_156' title='bbox 671 2081 754 2140; x_wconf 87' lang='lat' dir='ltr'>Fit</span> <span class='ocrx_word' id='word_1_157' title='bbox 778 2081 1107 2141; x_wconf 84' lang='lat' dir='ltr'>temeritatis</span> <span class='ocrx_word' id='word_1_158' title='bbox 1135 2079 1325 2139; x_wconf 86' lang='lat' dir='ltr'>alienae</span> <span class='ocrx_word' id='word_1_159' title='bbox 1351 2104 1543 2141; x_wconf 82' lang='lat' dir='ltr'>comes</span> 
     </span>
     <span class='ocr_line' id='line_1_29' title="bbox 265 2163 1546 2249; baseline -0.002 -25"><span class='ocrx_word' id='word_1_160' title='bbox 265 2166 571 2247; x_wconf 84' lang='lat' dir='ltr'>Spurinna,</span> <span class='ocrx_word' id='word_1_161' title='bbox 618 2168 806 2249; x_wconf 79' lang='lat' dir='ltr'>primo</span> <span class='ocrx_word' id='word_1_162' title='bbox 845 2169 1098 2239; x_wconf 65' lang='lat' dir='ltr'>coatstm,</span> <span class='ocrx_word' id='word_1_163' title='bbox 1142 2185 1274 2221; x_wconf 84' lang='lat' dir='ltr'>mox</span> <span class='ocrx_word' id='word_1_164' title='bbox 1307 2164 1451 2224; x_wconf 88' lang='lat' dir='ltr'>velle</span> <span class='ocrx_word' id='word_1_165' title='bbox 1488 2163 1546 2222; x_wconf 88' lang='lat' dir='ltr'>fi-</span> 
     </span>
     <span class='ocr_line' id='line_1_30' title="bbox 265 2245 1547 2332; baseline 0 -24"><span class='ocrx_word' id='word_1_166' title='bbox 265 2247 486 2309; x_wconf 86' lang='lat' dir='ltr'>mulans</span> <span class='ocrx_word' id='word_1_167' title='bbox 506 2298 522 2322; x_wconf 85' lang='lat'>‚</span> <span class='ocrx_word' id='word_1_168' title='bbox 557 2253 670 2330; x_wconf 76' lang='lat' dir='ltr'>quo</span> <span class='ocrx_word' id='word_1_169' title='bbox 695 2249 812 2332; x_wconf 87' lang='lat' dir='ltr'>plus</span> <span class='ocrx_word' id='word_1_170' title='bbox 835 2246 1174 2308; x_wconf 63' lang='lat' dir='ltr'>auctoritatis</span> <span class='ocrx_word' id='word_1_171' title='bbox 1198 2245 1395 2307; x_wconf 82' lang='lat' dir='ltr'>ineffet</span> <span class='ocrx_word' id='word_1_172' title='bbox 1418 2272 1547 2318; x_wconf 17' lang='lat' dir='ltr'>con-A</span> 
     </span>
     <span class='ocr_line' id='line_1_31' title="bbox 265 2331 1090 2404; baseline -0.002 -11"><span class='ocrx_word' id='word_1_173' title='bbox 265 2331 393 2393; x_wconf 84' lang='lat' dir='ltr'>filiis</span> <span class='ocrx_word' id='word_1_174' title='bbox 418 2379 434 2404; x_wconf 86' lang='lat'>‚</span> <span class='ocrx_word' id='word_1_175' title='bbox 470 2331 510 2389; x_wconf 88' lang='lat' dir='ltr'>fi</span> <span class='ocrx_word' id='word_1_176' title='bbox 533 2331 734 2392; x_wconf 88' lang='lat' dir='ltr'>seditio</span> <span class='ocrx_word' id='word_1_177' title='bbox 759 2331 1090 2392; x_wconf 88' lang='lat' dir='ltr'>mitesceret.</span> 
     </span>
    </p>

    <p class='ocr_par' dir='ltr' id='par_1_7' title="bbox 263 2412 1545 2672">
     <span class='ocr_line' id='line_1_32' title="bbox 355 2412 1543 2495; baseline -0.001 -20"><span class='ocrx_word' id='word_1_178' title='bbox 355 2417 520 2476; x_wconf 91' lang='lat' dir='ltr'><strong>XIX.</strong></span> <span class='ocrx_word' id='word_1_179' title='bbox 555 2418 893 2490; x_wconf 81' lang='lat' dir='ltr'><strong>POSTQUAM</strong></span> <span class='ocrx_word' id='word_1_180' title='bbox 921 2416 980 2474; x_wconf 89' lang='lat' dir='ltr'>in</span> <span class='ocrx_word' id='word_1_181' title='bbox 1006 2412 1302 2495; x_wconf 57' lang='lat' dir='ltr'>conspectu</span> <span class='ocrx_word' id='word_1_182' title='bbox 1325 2413 1504 2474; x_wconf 85' lang='lat' dir='ltr'>Padus</span> <span class='ocrx_word' id='word_1_183' title='bbox 1521 2434 1543 2488; x_wconf 78' lang='lat'>‚·</span> 
     </span>
     <span class='ocr_line' id='line_1_33' title="bbox 268 2497 1539 2581; baseline -0.001 -21"><span class='ocrx_word' id='word_1_184' title='bbox 268 2507 326 2560; x_wconf 72' lang='grc' dir='ltr'>δε</span> <span class='ocrx_word' id='word_1_185' title='bbox 355 2523 466 2558; x_wconf 83' lang='lat' dir='ltr'>nox</span> <span class='ocrx_word' id='word_1_186' title='bbox 498 2499 796 2581; x_wconf 77' lang='lat' dir='ltr'>appetebat</span> <span class='ocrx_word' id='word_1_187' title='bbox 819 2545 836 2570; x_wconf 90' lang='lat'>,</span> <span class='ocrx_word' id='word_1_188' title='bbox 880 2498 1072 2558; x_wconf 87' lang='lat' dir='ltr'>vallari</span> <span class='ocrx_word' id='word_1_189' title='bbox 1116 2499 1280 2556; x_wconf 87' lang='lat' dir='ltr'>castra</span> <span class='ocrx_word' id='word_1_190' title='bbox 1320 2497 1539 2579; x_wconf 89' lang='lat' dir='ltr'>placuit.</span> 
     </span>
     <span class='ocr_line' id='line_1_34' title="bbox 263 2580 1545 2672; baseline -0.002 -28"><span class='ocrx_word' id='word_1_191' title='bbox 263 2585 315 2644; x_wconf 80' lang='lat' dir='ltr'>Is</span> <span class='ocrx_word' id='word_1_192' title='bbox 344 2582 501 2645; x_wconf 86' lang='lat' dir='ltr'>labor</span> <span class='ocrx_word' id='word_1_193' title='bbox 530 2584 767 2647; x_wconf 85' lang='lat' dir='ltr'>Urbano</span> <span class='ocrx_word' id='word_1_194' title='bbox 795 2582 967 2646; x_wconf 86' lang='lat' dir='ltr'>militi</span> <span class='ocrx_word' id='word_1_195' title='bbox 992 2580 1245 2646; x_wconf 87' lang='lat' dir='ltr'>insolitus</span> <span class='ocrx_word' id='word_1_196' title='bbox 1281 2581 1545 2672; x_wconf 68' lang='lat' dir='ltr'>contudit</span> 
     </span>
    </p>
   </div>
  </div>
 </body>
</html>
