1659 2928
375 111 918 155 nxsronxARuM
974 92 1216 158 Nom.
1324 104 1447 176 487

162 189 378 259 longiore
405 200 448 242 δι
478 211 665 243 eXterno
696 196 885 243 trafflatu
915 195 1107 261 praesens
1134 195 1286 246 Taciti
1324 197 1442 247 ordo

161 259 409 309 invertatur
444 300 456 321 ,
499 261 589 310 fra
627 277 821 309 mentum
871 262 975 311 libri
1023 262 1138 313 XCI
1173 262 1270 312 Tm·
1314 262 1444 313 Livii

128 324 458 391 *supplemento
483 326 532 376 ff
553 279 921 375 infamationibus
945 328 1214 396 illustratum
1235 332 1284 380 in
1305 330 1440 394 hujus

163 392 415 441 voluminis
448 394 620 442 calcem
654 393 1016 443 amandaverim.

230 541 354 591 CAP.
375 542 478 591 LII.
507 540 861 592 Cemmearibur.
891 542 1127 607 Navibus,
1152 561 1254 613 quae
1272 545 1439 596 cibaria

162 607 425 675 ceterosque
456 627 738 658 commeatus
768 610 1060 660 adveherent.

222 673 403 723 Media.
440 676 596 724 Dubia
618 682 661 723 &
687 677 919 742 ambigua.

228 739 426 790 Plotium
453 741 694 803 Griphum.
741 742 899 806 Quem
930 742 1118 807 majoris
1144 741 1326 808 gradt‘is
1357 744 1434 806 ju·-

159 822 324 854 venem
365 809 569 873 appellat
600 845 614 867 ,
662 809 827 874 cuique
874 809 1027 872 Rifitm
1076 809 1435 860 Saturnalicium

54 889 56 892 ·
156 870 377 936 inscripsit
402 875 568 921 Statius
590 909 603 931 ,
639 873 766 940 Sylv.
797 872 883 934 IV,
917 892 932 921 1
962 881 1004 922 &
1027 891 1073 931 9.

227 935 276 986 V
274 937 454 986 olentia.
489 937 635 987 Grata
668 945 711 986 ὃς
749 955 952 1005 accepta.
993 941 1061 989 Ita
1099 956 1287 1007 quoque
1327 941 1436 990 Sal-

152 1000 306 1051 lustius
327 1041 338 1063 ,
375 1002 495 1051 Hist.
521 1004 608 1064 IV,
640 1021 687 1061 9.
731 1003 976 1071 Multzffiue
1006 1004 1322 1067 suspicionibuc
1352 1024 1434 1055 vo-

152 1065 299 1183 Ιενίἷία
330 1068 450 1132 plebi
471 1068 681 1134 fafiurus
704 1068 957 1124 videbatur.
986 1066 1149 1134 mest,
1179 1089 1278 1140 quae
1301 1072 1432 1139 plebs

152 1151 207 1185 ve
247 1152 304 1184 et.

221 1282 347 1333 CAP.
365 1283 493 1335 LIII.
526 1284 728 1353 Equestrz'
738 1286 954 1350 procellcf.
974 1288 1101 1338 Bene
1117 1327 1128 1348 ‚
1164 1306 1252 1354 pro
1272 1286 1431 1356 eques-

152 1352 207 1400 tri
241 1352 435 1416 impetu.
488 1353 564 1402 Sic
595 1371 784 1422 quoque
809 1354 967 1404 Livius
992 1353 1168 1403 XXIX
1190 1395 1202 1417 ‚
1237 1375 1280 1404 2.
1317 1354 1432 1412 Jam

150 1416 319 1484 mzffitm
355 1417 410 1466 ab
433 1420 489 1486 ste
522 1420 627 1470 Ser.
662 1419 923 1471 Cornelium
947 1461 964 1485 ‚
1000 1421 1203 1486 procella
1246 1419 1435 1488 equestri

150 1481 293 1552 hostes
324 1485 708 1552 circumfufizrum.

213 1549 426 1619 Fudiffir.
464 1552 615 1622 Supra
646 1554 770 1620 Cap.
797 1570 852 1602 21
881 1559 926 1602 &
945 1555 1075 1623 seqq.

219 1699 345 1751 CAP.
364 1700 497 1751 LIV.
531 1700 898 1768 Ingravescebat.
926 1701 1067 1753 Falsis
1090 1703 1431 1767 narrationibus

151 1767 328 1818 malum
356 1767 712 1834 ingravescebat.

219 1831 410 1882 Foedera
420 1833 586 1898 fhciis..
614 1835 691 1883 De
717 1833 946 1885 foederatis
969 1839 1156 1902 populis
1174 1877 1187 1898 ‚
1221 1837 1361 1885 Latio
1382 1842 1428 1886 δε

152 1899 251 1963 jure
268 1899 389 1948 Latii
405 1901 539 1966 plura
557 1903 734 1968 egimus
750 1904 798 1951 in
818 1905 974 1969 priore
991 1903 1194 1953 editione
1210 1903 1431 1966 T0m.11‚

154 1982 266 2033 pag.
297 1981 385 2030 345
407 1974 459 2042 ,δι
485 1966 528 2016 se
567 2003 579 2015 .

219 2031 508 2085 Mevaniam.
594 2052 683 2084 unc
706 2035 932 2102 Bevagna
954 2072 969 2098 ,
1000 2034 1120 2085 dans
1144 2033 1185 2084 le
1208 2032 1352 2085 dach&
1375 2032 1430 2084 de

72 2104 78 2105 ⁷
148 2095 192 2147 S
186 2098 350 2161 polete.

217 2248 344 2298 Cu.
366 2249 498 2302 LVI.
531 2249 770 2301 Foedarum
808 2250 1054 2301 volucrum.
1086 2248 1305 2301 Vultures
1340 2267 1430 2316 ap·-

153 2314 296 2382 pellat
329 2316 426 2365 Dio
459 2316 633 2378 LXV,
661 2335 772 2385 pag.
796 2336 909 2377 740.

215 2378 448 2447 Profugus
475 2382 710 2434 altaribus.
759 2383 905 2449 Quod
926 2386 1044 2432 inter
1075 2384 1249 2431 ostenta
1277 2379 1427 2428 habe-

151 2444 296 2495 batur.
347 2447 472 2498 Vide
507 2450 781 2499 Suetonium
814 2452 865 2499 in
898 2450 991 2503 Jul.
1033 2449 1153 2513 Cap.
1185 2463 1260 2508 59.
1308 2445 1424 2495 Inde

148 2510 324 2561 Plinius
358 2513 476 2564 VIII
493 2553 507 2576 ‚
537 2531 616 2575 45.
648 2515 749 2565 Hoc
785 2531 951 2580 quoque
981 2530 1217 2574 notatum,
1257 2510 1425 2586 vitulos

152 2577 217 2632 ad
245 2594 355 2630 aras
381 2578 579 2633 humeris
602 2579 797 2633 hominis
824 2580 993 2632 allatos
1023 2597 1110 2632 non
1134 2577 1239 2640 fere
1269 2576 1426 2642 litare,

1111 2643 1240 2698 xiv
