1714 2961
296 146 366 198 28
481 140 550 198 C.
594 142 1026 199 CORNELM
1076 142 1375 205 TACITI

290 240 391 298 bus
405 237 497 296 sua
519 237 925 321 prodegetant3
950 238 1080 298 cum
1097 240 1437 324 rapacissimo
1460 243 1564 302 cui‹

287 345 397 402 que
417 346 477 380 ac
500 322 897 406 perditissimO,
926 347 1040 381 non
1069 327 1218 406 agri,
1244 345 1338 383 aut
1363 322 1521 385 fenus
1544 373 1561 399 ‚

283 405 379 466 sed
426 403 540 465 sola
565 406 929 466 instrumenta
952 407 1218 466 vitiorum
1251 431 1561 468 manerent.

279 490 568 549 Exacstioni
609 490 840 571 triginta
882 490 1096 569 equites
1139 491 1388 551 Romani
1423 515 1561 573 ptae-

273 570 478 656 pofiti3
521 595 735 632 novum
775 569 945 630 officii
982 595 1195 654 genus,
1238 582 1295 632 &
1340 575 1559 634 ambitu

267 679 332 720 ac
363 677 603 715 numero
629 653 930 715 onerosum
962 680 974 712 ε
1009 655 1218 738 ubique
1265 656 1410 714 hasta
1436 703 1452 728 ‚
1498 666 1556 718 δε

263 738 443 800 secitor
482 761 500 816 3
569 747 627 798 &
679 739 933 818 inquieta
989 738 1116 798 urbs
1189 739 1554 800 austionibus.

262 822 543 882 Attamen
582 822 794 903 grande
832 820 1103 904 gaudium
1140 868 1157 892 ,
1231 823 1385 901 quod
1434 843 1553 884 tam

260 927 532 990 pauperes
555 902 747 965 forent
772 952 788 976 ‚
829 905 1030 986 quibus
1072 904 1323 964 donaffet
1349 907 1502 964 Nero
1523 955 1540 979 ‚

254 989 435 1069 quam
463 988 670 1068 quibus
717 987 1030 1047 abstuliffet.
1072 989 1420 1048 Exauekotati
1451 1012 1550 1072 pet

256 1094 355 1131 eos
403 1070 523 1132 dies
563 1071 778 1132 tribuni
823 1117 839 1142 ‚
893 1094 922 1130 e
967 1071 1223 1152 praetorio
1266 1071 1548 1133 Antonius

254 1156 478 1214 Taurus
503 1202 519 1227 ‚
563 1163 621 1216 δε
660 1152 946 1214 Antonius
990 1152 1174 1212 Naso:
1215 1177 1280 1214 ex
1302 1157 1547 1217 Urbanis

253 1238 585 1300 cohortibus
604 1286 619 1310 ‚
647 1237 905 1296 AEmilius
937 1234 1184 1296 Pacensis
1212 1262 1224 1295 z
1251 1262 1280 1298 e
1304 1235 1507 1321 vigiliis
1527 1287 1544 1314 ,

253 1320 438 1386 Julius
485 1324 708 1381 Fronto,
755 1323 875 1380 Nec
922 1321 1245 1380 remedium
1295 1322 1354 1381 in
1394 1343 1546 1382 cete-

62 310 113 350 A.
134 313 185 352 U.
210 316 260 356 C.

104 386 214 431 822.

92 459 131 498 J.
161 461 211 501 C.

116 528 197 583 69,

251 1427 342 1465 tos
382 1402 530 1477 fuit,
583 1404 680 1464 sed
726 1402 911 1464 metus
952 1403 1180 1462 initium
1216 1429 1228 1461 ε
1273 1425 1543 1486 tanquam

249 1510 351 1572 pet
391 1508 570 1548 artem
616 1496 675 1548 δε
713 1486 1087 1547 formidinem
1128 1486 1330 1570 singuli
1366 1488 1542 1572 pelle-

245 1590 442 1632 rentur
464 1619 481 1646 ,
525 1570 793 1633 omnibus
831 1570 1104 1654 suspeEkiS.

336 1657 502 1718 XXI.
544 1657 815 1715 INTEREA
841 1655 1142 1715 Othonem
1166 1702 1183 1727 ,
1231 1654 1319 1713 cui
1342 1700 1358 1724 ,
1385 1675 1539 1712 com-

243 1736 435 1820 pofitis
460 1737 625 1798 rebus
651 1786 667 1810 ‚
716 1738 869 1798 nulla
908 1737 1027 1821 spes
1050 1787 1065 1810 ‚
1113 1760 1287 1796 omne
1325 1737 1384 1797 in
1420 1734 1538 1798 tur-

240 1820 383 1881 bido
419 1822 716 1886 confilium
740 1870 756 1894 ,
802 1822 983 1882 multa
1020 1820 1181 1883 simul
1223 1820 1534 1879 exstimula-

239 1903 377 1966 bant
423 1931 436 1964 :
485 1905 700 1964 luxuria
748 1908 922 1964 etiam
969 1904 1212 1987 Principi
1258 1901 1532 1975 onerosa,
1593 1943 1604 1946 —

235 1987 429 2071 inopia
473 1989 563 2047 vix
590 1991 806 2071 privato
833 1988 1127 2050 toleranda
1150 2035 1166 2059 ‚
1197 1988 1257 2045 in
1285 1985 1529 2044 Galbam

235 2069 318 2129 ira
379 2117 396 2143 ‚
461 2071 521 2129 in
611 2069 871 2137 Pisonem
958 2070 1187 2131 invidia.
1258 2067 1531 2151 Fingebat

231 2161 293 2213 &
347 2173 568 2212 metum
614 2200 630 2226 ,
692 2176 808 2233 quo
872 2154 1052 2234 magis
1095 2149 1528 2233 concupisceret.

235 2239 640 2318 oePtaegravem
684 2236 738 2298 se
764 2238 987 2307 Neroni
1031 2233 1190 2294 fuisse
1218 2258 1229 2290 ε
1259 2257 1361 2292 nec
1407 2237 1526 2292 Lu·-

225 2316 526 2378 oofitaniam
576 2318 751 2378 rursus
779 2367 794 2391 ‚
845 2329 902 2387 ὃς
954 2318 1176 2377 alterius
1203 2315 1373 2375 exsilii
1415 2317 1526 2374 ho-

222 2424 469 2462 mnotem
514 2401 955 2485 exspectandum
988 2401 1340 2484 :suspectum
1379 2398 1526 2459 sem-

135 2549 140 2551 *
220 2505 368 2566 supet
426 2485 779 2566 invisumque
846 2484 1279 2544 dominantibus
1333 2529 1350 2553 ‚
1423 2483 1525 2560 qui

217 2567 551 2651 mptoxinius
594 2569 981 2631 destinaretur.
1022 2563 1291 2627 Nocuiffe
1327 2564 1389 2624 id
1418 2564 1520 2629 fibi
