1670 2961
271 162 874 206 HISTORIARUM
931 140 1102 201 LIB.
1143 140 1189 201 Ι.
1291 137 1374 221 ’ὅς’

101 269 318 330 magnae
345 257 401 308 &
424 244 688 329 prosperae
712 243 793 302 rei
814 265 987 301 omen
1016 243 1371 324 acciperetur·

187 333 398 389 LXIII.
442 332 522 387 ET
562 328 840 385 Treveros
881 325 1154 405 quidem,
1200 345 1259 382 ut
1289 323 1376 383 so-

105 414 220 473 cios
253 461 270 485 ,
320 412 492 472 securi
536 410 738 469 adiere.
785 407 1072 469 Divoduri
1104 407 1376 482 (Medio-
1438 458 1461 496 J
1507 456 1542 497 C

104 497 468 555 matricorum
492 494 554 552 id
584 493 856 577 oppidum
883 495 996 568 est)
1031 513 1378 572 quamquam
1465 482 1558 576 ⁸69·-

104 580 263 638 omni
311 579 576 637 comitate
616 599 871 660 exceptos
895 627 911 650 ,
965 573 1173 634 subitus
1211 596 1382 656 pavor
1532 576 1535 577 ⁷

104 664 370 722 exterruit
393 710 410 734 ,
455 663 619 744 raptis
663 662 891 743 repente
931 660 1099 717 armis
1125 706 1140 729 ,
1172 658 1243 716 ad
1279 682 1382 716 cae-

108 746 241 805 dem
267 746 500 804 innox-iae
533 745 767 803 civitatis
794 767 810 821 3
851 767 967 802 non
989 742 1062 799 ob
1091 740 1333 823 praedam
1362 789 1381 814 ,

107 849 201 889 aut
229 827 503 911 spoliandi
526 827 788 909 cupidine
810 874 825 899 ‚
855 825 949 885 sed
973 823 1161 883 furore
1205 833 1262 883 &
1296 848 1380 885 ra-

107 912 196 971 bie
222 959 238 983 ,
282 920 337 971 &
379 909 545 969 caufis
588 911 813 970 incertis
838 958 855 983 ,
886 910 1064 990 eoque
1091 905 1377 967 difficilio-

103 995 253 1054 ribus
303 994 566 1054 remediis
599 1018 615 1071 3
676 993 856 1054 donec
908 993 1161 1076 precibus
1220 991 1378 1052 ducis

104 1078 349 1161 mitigati
380 1126 397 1150 ,
444 1078 513 1138 ab
555 1078 773 1137 excidio
828 1077 1063 1136 civitatis
1103 1096 1378 1158 tempera-

103 1184 268 1238 vere3
294 1160 421 1220 caesa
460 1182 652 1220 tamen
676 1162 748 1220 ad
787 1182 1024 1241 quatuor
1053 1159 1233 1217 millia
1269 1160 1377 1219 ho·-

103 1246 343 1305 minum.
383 1244 542 1326 Isque
590 1266 765 1303 terror
803 1244 1013 1302 Gallias
1040 1241 1234 1301 invasit
1257 1290 1273 1314 ‚
1316 1263 1378 1304 ut

106 1329 354 1391 venienti
386 1352 517 1386 mox
552 1330 769 1410 agmini
792 1327 1053 1388 universae
1080 1327 1329 1386 civitates
1355 1373 1375 1401 ‚

97 1436 234 1473 cum
268 1413 673 1493 magistratibus
699 1423 755 1474 &
788 1412 1043 1495 precibus
1071 1459 1088 1483 ‚
1120 1433 1378 1486 occurre-

76 1502 79 1503 ’
101 1517 226 1556 rent
249 1543 265 1567 ,
314 1497 484 1555 stratis
513 1519 608 1578 per
634 1497 746 1556 vias
789 1496 970 1579 pueris
996 1492 1332 1575 feminisque
1357 1517 1377 1573 3

99 1602 333 1663 quaeque
374 1580 479 1640 alia
506 1580 856 1663 placamenta
885 1579 1091 1639 hostilis
1117 1580 1239 1651 irae,
1262 1602 1380 1639 non

102 1663 339 1746 quidem
377 1666 436 1724 in
478 1663 631 1724 bello
670 1715 688 1740 ,
731 1665 828 1726 sed
854 1687 957 1749 pro
996 1687 1131 1749 pace
1176 1662 1379 1723 tende-2

104 1747 322 1808 bantur.

186 1833 401 1892 LXIV.
424 1831 725 1892 Nom-nm
762 1831 833 1893 de
871 1831 1018 1892 caede
1057 1830 1249 1892 Galbae
1272 1880 1289 1905 ‚
1321 1831 1383 1894 δέ

100 1912 343 1994 imperio
376 1915 625 1973 Othonis
651 1963 667 1987 ‚
710 1916 904 1974 Fabius
936 1915 1150 1977 Valens
1196 1915 1255 1973 in
1297 1916 1380 1974 ci—

44 2048 51 2051 .
101 1996 273 2058 vitate
322 2001 639 2057 Leucorum
685 2000 914 2081 accepit.
962 2001 1082 2058 Nec
1126 1998 1380 2060 militum

101 2080 319 2140 animus
371 2081 429 2138 in
472 2081 742 2164 gaudium
782 2130 798 2155 ,
865 2103 957 2142 aut
1003 2081 1380 2142 formidinem

102 2185 387 2247 permotus
413 2189 426 2222 t
451 2163 666 2225 bellum
695 2166 975 2239 volvebar.
1008 2166 1185 2226 Gallis
1212 2191 1378 2226 cunc-

103 2248 240 2323 tatio
278 2268 535 2330 exempta
571 2297 588 2322 ,
653 2251 793 2309 &in
839 2251 1140 2310 Othonem
1183 2275 1244 2310 ac
1275 2251 1378 2310 Vi-

106 2330 324 2390 tellium
346 2331 545 2391 odium
577 2355 674 2415 par
697 2381 714 2406 ,
748 2357 814 2394 ex
832 2333 1071 2395 Vitellio
1092 2344 1149 2395 &
1172 2355 1378 2395 metus.

102 2414 362 2474 Proxima
411 2415 737 2497 Lingonum
788 2419 978 2478 civitas
1031 2440 1148 2477 erat
1180 2465 1195 2489 ‚
1261 2416 1375 2476 fida

103 2497 348 2582 partibus
373 2520 385 2553 t
409 2496 651 2579 benigne
676 2503 928 2584 excepti,
968 2498 1236 2560 modesti&
1257 2522 1374 2559 cer-

102 2602 288 2652 tavere
326 2605 339 2640 ε
373 2577 471 2642 sed
516 2581 698 2645 brevis
725 2583 915 2646 laetitia
952 2581 1062 2645 fuit
1099 2632 1119 2660 ,
1172 2583 1375 2663 cohor-5

1398 317 1446 357 A.
1471 318 1517 354 U.
1539 316 1596 355 C.

1447 386 1555 428 822.
