1670 2961
67 296 116 337 A.
138 277 186 338 u.
209 299 260 338 C.

109 372 217 414 822.

118 516 197 564 69·

279 142 357 206 '52
476 126 547 184 C.
594 121 1018 182 CORNEL11
1073 126 1368 185 TAC1T1

284 230 541 272 vexatum
561 256 578 280 2
604 221 942 304 dispensator
963 224 1166 307 Argius
1187 272 1204 297 ,
1229 248 1259 284 e
1282 225 1565 308 prioribus*

283 296 447 358 servis
471 348 488 373 ,
523 305 725 364 humili
757 306 1031 391 sepultura
1054 357 1070 381 ‚
1106 309 1164 365 in
1193 310 1416 390 privatis
1442 316 1556 389 ejus

283 386 457 445 hortis
475 391 738 449 contexit.
755 393 942 472 Caput
958 414 1054 473 per
1075 391 1206 450 lixas
1227 389 1562 472 calonesque

282 466 538 530 suffixum
559 519 577 543 ,
606 473 1022 554 laceratumque
1047 497 1175 534 ante
1205 475 1452 534 Patrobii
1476 496 1560 533 tu-

279 553 504 613 mulum
555 558 573 631 (
600 556 830 616 libertus
881 558 924 614 is
969 559 1208 618 Neronis
1255 560 1478 640 punitus
1527 581 1559 616 a

278 637 462 696 Galba
494 635 674 698 fuer-at
699 643 715 717 )
758 638 969 720 postera
1000 640 1234 699 demum
1260 642 1351 700 die
1376 663 1561 723 reper-

279 742 404 780 tum
426 769 442 794 ‚
483 729 540 781 δε
573 744 820 784 cremato
848 731 961 804 jam
992 725 1211 806 corpori
1240 724 1556 782 admixtum

279 807 372 867 est.
395 808 560 864 Hunc
581 809 792 867 exitum
812 807 1006 866 habuit
1030 810 1141 868 Ser.
1159 808 1359 880 Galba,
1382 807 1558 867 tribus

278 897 338 950 &
376 887 726 972 septuaointa
764 892 953 963 anniS,
995 892 1244 972 quinque
1276 892 1559 974 Principes

279 971 539 1057 prospera
562 943 786 1034 §muna
818 974 1071 1035 emensus
1104 1021 1120 1045 ‚
1157 984 1213 1034 δέ
1241 974 1424 1034 alieno
1447 977 1561 1033 im·-

278 1057 436 1140 perio
461 1054 679 1117 felicior
697 1107 714 1131 ‚
735 1058 903 1138 quam
928 1057 1042 1118 suo,
1063 1060 1244 1118 Vetus
1261 1060 1319 1116 in
1343 1057 1559 1117 familia

276 1139 543 1201 nobilitas
569 1190 586 1214 ,
628 1165 842 1224 magnae
866 1164 1032 1223 opes:
1070 1140 1168 1223 ipsi
1196 1141 1451 1201 medium
1475 1144 1560 1201 in-

280 1225 512 1307 genium
537 1273 553 1297 ‚
595 1227 772 1307 magis
817 1247 968 1285 extra
1007 1226 1142 1285 vitia
1165 1273 1180 1297 ‚
1219 1225 1391 1307 quarn
1427 1249 1559 1286 cum

280 1308 595 1368 virtutibus.
666 1312 842 1368 Famae
891 1331 994 1368 nec
1044 1308 1346 1368 incuriosus
1386 1355 1403 1381 ‚
1455 1332 1560 1369 nec

279 1392 617 1452 venditator.
643 1393 893 1453 Pecuniae
911 1391 1102 1452 alienae
1124 1415 1239 1451 non
1258 1414 1519 1473 appetens
1538 1440 1558 1465 ‚

279 1475 384 1535 suae
416 1499 607 1559 parcus
634 1524 651 1549 ‚
696 1476 927 1560 publicae
955 1498 1162 1535 avarus·
1217 1476 1557 1536 Amicorum

281 1559 730 1642 libertorumque
757 1609 774 1635 ,
816 1559 914 1619 ubi
943 1560 1002 1617 in
1033 1559 1210 1618 bonos
1246 1558 1561 1632 incidisset,

279 1643 393 1703 fine
419 1643 843 1728 reprehensione
865 1643 1076 1726 patiens
1098 1667 1110 1701 z
1136 1643 1174 1701 fi
1196 1641 1333 1702 mali
1353 1641 1562 1715 forent,

282 1726 455 1808 usque
479 1729 550 1788 ad
574 1728 794 1811 culpam
819 1729 1058 1811 ignarus,
1094 1727 1204 1786 Sed
1227 1725 1442 1786 claritas
1463 1750 1564 1786 na·-

285 1811 485 1871 talium
512 1860 528 1885 ‚
574 1822 632 1873 &
671 1832 851 1872 metus
893 1832 1217 1893 temporum
1261 1810 1562 1885 obtentui,

285 1916 348 1954 ut
371 1944 387 1969 ‚
426 1896 582 1978 quod
620 1895 854 1978 segnitia
895 1915 1011 1953 erat
1033 1942 1050 1967 ‚
1096 1892 1360 1976 sapientia
1396 1917 1564 1953 voca-

283 2000 452 2039 retur.
499 1982 661 2039 Dum
691 1978 918 2061 vigebat
942 1998 1065 2037 aetas
1091 2024 1108 2050 ,
1145 1976 1374 2037 militari
1397 1976 1563 2039 laude

284 2063 432 2144 apud
461 2063 790 2122 Germanias
815 2061 1000 2120 floruit
1025 2085 1036 2117 :
1080 2059 1372 2142 proconsul
1403 2059 1561 2120 Afri-

284 2170 405 2205 cam
455 2146 778 2205 moderate:
823 2153 939 2225 jam
980 2143 1200 2216 senior,
1242 2143 1561 2204 citeriorem

282 2231 609 2313 Hispaniam
641 2230 757 2312 pari
785 2227 984 2308 justitia
1021 2227 1298 2287 continuit
1331 2253 1342 2285 ε
1383 2236 1562 2309 major

280 2315 496 2397 privato
520 2311 660 2372 visus
682 2361 697 2384 ‚
733 2313 872 2370 dum
901 2311 1141 2393 privatus
1167 2309 1274 2370 fuit
1301 2359 1317 2382 ,
1351 2319 1409 2370 &
1438 2335 1562 2369 om·-

286 2399 446 2458 nium
473 2395 738 2456 consensu
763 2417 929 2478 capax
954 2395 1212 2476 imperii,
1250 2392 1350 2453 nisi
1375 2394 1560 2482 impe-

288 2479 464 2541 raffet.

365 2568 430 2625 L.
468 2565 801 2626 TREpmAM
831 2559 1054 2622 Urbem
1086 2606 1102 2632 ,
1142 2581 1203 2618 ac
1229 2557 1391 2619 simul
1418 2578 1560 2632 atroe
