1714 2961
117 321 170 362 A.
192 324 237 360 U.
259 323 306 360 C.

157 392 265 434 822.

142 462 181 502 J.
213 464 264 504 C.

175 541 257 588 69

343 149 418 199 26
529 142 1099 201 C.C0RNEL11
1146 145 1465 205 ΤΑοΙτῐ·

337 264 459 302 111111
484 289 501 312 ,
543 240 916 301 turbaverant.
963 242 1343 304 Observatum
1373 246 1436 305 id
1476 245 1618 305 anti-

333 327 518 406 quitus
557 325 800 384 comitiis
827 325 1161 387 dirimendis
1184 376 1201 400 ,
1254 352 1371 387 non
1417 331 1613 389 terruit

336 408 581 469 Galbam
643 410 947 489 quominus
994 412 1054 470 in
1101 414 1267 471 castra
1314 433 1616 495 pergeret,

335 500 791 575 contemptorem
817 493 1058 566 talium,
1099 517 1159 554 ut
1206 493 1612 555 fortuitorum·
1597 520 1616 574 3

334 576 467 649 seu,
513 599 634 656 quae
672 575 789 635 fato
820 599 1093 649 manent,
1138 580 1394 658 quamvis
1446 578 1616 661 figni-

332 626 528 731 ficata,
554 683 670 718 non
694 661 1018 721 vitarentur.
1041 661 1214 744 Apud
1254 630 1617 741 frequentem

333 744 588 803 militum
611 744 990 818 concionem,
1035 745 1400 827 Imperatoria
1431 745 1619 806 brevi-

331 848 491 900 tate,
562 854 597 879 oc
631 827 886 910 adoptari
929 853 960 887 a
999 826 1053 887 se
1098 828 1400 901 Pisonem,
1455 852 1614 890 more

327 910 885 994 2>d1v1August1&
931 911 1190 993 exemplo
1214 912 1443 971 militari
1460 936 1615 993 ‚quo

323 997 454 1055 xvir
481 1017 667 1053 Virum
703 994 967 1076 legeret»
993 1043 1009 1067 ,
1047 997 1388 1077 pronuntiat.
1423 996 1509 1054 Ac
1540 1019 1615 1056 ne

328 1077 669 1136 diffimulata
704 1076 907 1137 seditio
949 1100 1011 1135 111
1051 1086 1228 1159 majus
1253 1079 1614 1153 crederetur,

326 1160 477 1221 ultro
521 1159 845 1234 adseverat,
891 1189 926 1213 oc
960 1183 1220 1242 quartam
1253 1171 1313 1223 ὃς
1352 1162 1624 1223 duoetvi-'

322 1243 636 1305 :ncefimam
699 1245 951 1326 legiones
988 1292 1005 1317 ‚
1071 1246 1256 1327 paucis
1319 1244 1610 1306 seditionis

324 1328 689 1389 xanctoribus
716 1376 733 1401 ‚
778 1351 895 1386 non
944 1328 1088 1387 ultra
1131 1328 1302 1388 verba
1343 1353 1405 1388 ac
1448 1352 1613 1391 voces

323 1410 568 1473 „errasse
593 1460 610 1484 ‚
657 1421 715 1472 &
741 1410 898 1471 brevi
935 1412 996 1470 in
1034 1410 1222 1470 officio
1254 1410 1373 1472 fore
1399 1443 1458 1471 ω.
1486 1415 1608 1473 Nec

325 1495 508 1557 ullum
530 1496 774 1555 orationi
798 1516 891 1554 aut
921 1494 1268 1554 lenocinium
1292 1496 1452 1555 addit
1471 1545 1487 1568 ‚
1512 1518 1607 1556 aut

322 1581 587 1661 pretium.
609 1579 856 1638 Tribuni
881 1600 1072 1638 tamen
1093 1578 1557 1659 centurionesque
1586 1627 1604 1653 ,

327 1672 387 1724 δε
432 1663 675 1746 proximi
714 1663 1005 1735 militum,
1056 1685 1211 1743 grata
1259 1663 1454 1722 auditu
1496 1661 1606 1722 res-

327 1747 622 1830 pondent:
663 1769 760 1829 per
797 1768 1010 1806 ceteros
1051 1748 1297 1805 incestitia
1336 1770 1397 1804 ac
1437 1745 1608 1806 silen-

329 1831 507 1903 tium,
535 1851 804 1910 tanquam
833 1830 1148 1913 usurpatam
1174 1831 1347 1889 etiam
1388 1831 1444 1887 in
1471 1853 1605 1911 pace

327 1914 583 1973 donativi
639 1913 1014 1973 neceffitatem
1055 1961 1071 1985 ‚
1130 1913 1280 1971 bello
1339 1912 1607 1996 perdidis-

324 1997 464 2058 sent.
506 1999 740 2056 Constat
783 1995 1016 2079 potuiffe
1060 1996 1346 2055 conciliari
1386 2019 1604 2056 animos

325 2079 839 2161 quantulacumque
888 2080 1038 2174 parci
1082 2078 1224 2138 senis
1254 2079 1604 2140 liberalitate.

325 2164 537 2224 Nocuit
564 2185 821 2265 antiquus
858 2186 1009 2247 rigor
1032 2211 1048 2236 ,
1097 2171 1157 2222 δε
1182 2163 1359 2221 nimia
1400 2161 1607 2223 severi-

329 2269 448 2309 tas·
434 2294 453 2325 ,
498 2248 586 2306 cui
609 2254 724 2326 jam
752 2221 942 2330 pareso
929 2271 1044 2305 non
1069 2244 1272 2306 sumus,

416 2333 579 2391 XIX.
619 2334 761 2389 INDE
800 2331 947 2412 apud
976 2330 1229 2389 senatum
1265 2351 1380 2386 non
1404 2350 1595 2411 comp

329 2415 438 2475 tior
480 2414 713 2486 Galbae,
746 2438 861 2471 non
905 2414 1125 2477 lonoior
1169 2461 1185 2485 ,
1241 2435 1412 2492 quam
1451 2411 1599 2504 apud

330 2498 612 2571 militem,
657 2496 878 2556 sermo:
904 2477 1110 2556 Pisonis
1147 2519 1323 2555 comis
1370 2515 1595 2553 oratio:

328 2590 391 2645 δε
409 2603 633 2666 patrum
655 2579 811 2646 favor
834 2581 1053 2642 aderat:
1082 2580 1245 2640 multi
1275 2577 1592 2639 voluntate·
1577 2623 1594 2656 ,
