1670 2961
302 141 899 182 nxsron1ARuM
945 121 1194 180 L113.1.
1313 129 1394 198 87

119 221 507 304 trepidationis
563 223 624 279 in
665 219 910 302 publico·
962 221 1047 278 Ut
1104 243 1392 302 quemque
1419 246 1616 276 ===
1647 299 1660 306 μ

119 307 385 364 nuntium
424 303 577 363 fama
618 300 922 372 attuliffet‚
976 303 1234 362 animum
1271 305 1396 364 vul—
1417 307 1465 349 Ᾱ·
1483 309 1536 347 U.
1554 308 1616 350 C.

119 408 354 468 tumque
404 385 650 446 convetfi
692 433 710 458 ‚
757 407 830 445 ne
870 382 1129 444 diffidere
1167 387 1351 448 dubiis
1378 439 1395 463 ‚
1463 379 1574 421 3²²·

120 494 181 529 ac
220 494 416 551 parum
451 469 696 552 gaudete
732 466 1004 551 prosperis
1052 469 1397 533 viderentur.
1447 451 1585 570 5'690‘

119 555 336 613 Coasto
379 556 512 613 vero
553 555 614 611 in
660 553 874 612 curiam
918 550 1149 626 senatu,
1197 554 1399 625 arduus
1536 544 1558 570 “

116 656 306 695 terum
335 637 599 695 omnium
629 636 831 694 modus
854 683 870 708 ‚
908 658 980 694 ne
1009 657 1313 698 contumax
1341 638 1405 698 fi-

115 716 358 780 lentium
387 767 405 792 ‚
458 742 530 779 ne
583 718 830 801 suspecta
879 717 1122 779 libertas,
1167 723 1236 780 Et
1285 724 1403 805 pri-

115 821 246 864 vato
270 803 494 863 Othoni
529 824 741 884 nuper,
785 822 953 880 atque
973 803 1175 862 eadem
1209 804 1404 866 dicen-

118 884 204 956 ti,
249 906 386 945 nota
412 883 679 945 adulatio,
718 885 897 966 Igitur
941 884 1155 946 versate
1179 886 1404 949 senten-

114 977 215 1037 tias
234 1019 252 1044 ,
288 977 347 1029 δε
372 968 479 1027 huc
511 990 680 1051 atque
704 968 840 1028 illuc
865 989 1130 1050 torquere
1149 1019 1167 1044 ,
1217 997 1251 1024 ct
1270 972 1403 1032 hos-

114 1089 148 1114 :n
162 1078 283 1118 tem
308 1061 366 1113 δε
394 1052 732 1134 parricidam
746 1051 1098 1113 »Vitellium
1116 1078 1397 1119 vocantes·

115 1135 634 1204 Providentiffimus
709 1134 944 1217 quisque
991 1185 1008 1210 ,
1080 1139 1403 1222 vulgaribus

115 1219 381 1287 con-viciis
410 1243 428 1297 3
475 1220 713 1300 quidam
736 1266 753 1292 ,
786 1242 916 1278 vera
940 1220 1144 1301 probra
1173 1231 1354 1303 jacere
1381 1273 1403 1298 ,

114 1310 176 1369 in
220 1306 464 1366 clamore
493 1324 687 1362 tamen
711 1350 728 1375 ‚
781 1310 840 1363 δε
871 1302 970 1362 ubi
1006 1304 1261 1387 plurimae
1302 1333 1403 1368 vo-

114 1414 203 1452 ces
231 1436 250 1462 ‚
293 1407 388 1447 aut
436 1387 687 1448 tumultu
710 1386 1015 1447 verborum
1040 1387 1142 1448 fibi
1174 1390 1276 1474 ipsi
1301 1392 1404 1452 ob-

111 1477 432 1555 strepentes,
1292 1485 1295 1489 '

216 1554 551 1616 LXXXVI.
591 1555 901 1614 PRommA
953 1552 1177 1637 insuper
1227 1577 1404 1620 terre-

111 1639 247 1700 bant
276 1687 294 1712 ,
351 1635 576 1698 diverfis
620 1639 939 1698 auctoribus
981 1639 1227 1722 vulgata.
1267 1671 1302 1695 α
1330 1647 1400 1704 In

110 1722 426 1784 „vestibulo
480 1722 756 1801 Capitolii
790 1770 809 1796 ‚
871 1721 1100 1783 omissas
1153 1725 1401 1789 habenas

114 1807 300 1888 mbigae
327 1854 344 1880 ,
374 1805 466 1865 cui
514 1805 772 1866 Victoria
814 1807 1086 1867 institerat
1118 1833 1131 1866 t
1165 1812 1401 1893 erupisse

113 1888 302 1950 „cella
343 1889 622 1961 hunonis,
657 1897 937 1969 majorem
982 1891 1230 1951 humana
1276 1893 1403 1977 spe-

114 1975 310 2035 aciem
341 1998 355 2032 ι
390 1975 623 2032 statuam
646 1973 764 2033 divi
786 1974 922 2036 Julii
942 2019 960 2045 ‚
998 1974 1059 2034 in
1084 1958 1401 2037 insulg‘fTi-

110 2057 341 2119 :obetini
388 2056 604 2129 amnis,
645 2054 842 2117 sereno
896 2065 954 2119 &
990 2058 1239 2119 immoto
1269 2061 1401 2137 die,

114 2142 227 2202 :nab
256 2140 578 2202 Occidente
607 2140 668 2201 in
696 2141 1005 2202 Orientem
1029 2144 1356 2207 conversam
1382 2172 1396 2206 z

114 2225 517 2310 ”prolocutum
538 2225 599 2285 in
627 2225 844 2286 Etruria
872 2227 1081 2288 bovem
1108 2252 1121 2286 :
1147 2228 1400 2301 insolitos

113 2309 493 2371 manimalium
533 2332 717 2394 partus
739 2340 772 2365 ω
811 2336 824 2370 ;
864 2320 923 2372 &
945 2311 1105 2395 plura
1131 2312 1273 2386 alia,
1304 2337 1399 2374 ru-

115 2394 281 2454 dibus
309 2392 511 2455 saeculis
533 2443 551 2468 ‚
597 2396 771 2456 etiam
797 2395 858 2455 in
895 2420 1029 2480 pace
1071 2394 1397 2472 observata,

115 2502 238 2560 quae
283 2501 432 2539 nunc
482 2479 706 2540 tantum
756 2482 816 2539 in
872 2501 1031 2540 metu
1078 2480 1401 2545 audiuntur.

115 2561 228 2625 Sed
254 2563 553 2648 ptaecipuus
576 2611 594 2638 ‚
633 2574 691 2627 &
733 2587 864 2627 cum
905 2562 1156 2648 praesenti
1184 2567 1355 2629 exitio
1375 2612 1398 2640 ,
