1659 2928
267 2335 354 2381 mis
384 2339 429 2381 δε
465 2332 628 2380 bonus.
677 2333 715 2380 Ii
743 2335 867 2381 enim
901 2333 1164 2379 comitatem
1196 2330 1446 2378 bonitatem
1485 2344 1543 2376 ue
1564 2338 1575 2369 ἑ

286 121 410 192 406
535 113 618 170 IN
674 110 973 168 LIBRUM
1029 130 1344 168 PR1MUM

283 214 389 262 dice
408 249 421 271 ‚
454 207 694 275 Gallisque
712 207 963 256 debellatis.

356 275 550 326 Finibus
578 274 938 338 provinciarum.
974 271 1208 322 Inferioris
1243 278 1290 321 &
1324 270 1569 340 superioris

283 342 570 396 Germaniae.
1641 394 1644 402 Ι

358 409 460 459 Nec
476 406 640 473 sotios·
660 405 768 456 Nec
793 404 959 455 Gallos
977 445 992 469 ,
1023 404 1170 456 socios
1189 445 1204 468 ‚
1232 421 1281 456 ut
1305 404 1420 455 olim
1440 441 1455 467 ,
1489 401 1567 454 sed

283 476 438 528 hostes
463 482 508 524 &
528 475 673 524 viCtos
693 474 935 522 vocabant.
1654 473 1659 482 ⁴

352 542 424 591 Ea
416 541 546 607 sdem
559 554 733 602 partes.
747 537 1016 605 Legionum
1031 537 1370 606 &Verginii,ut
1389 538 1565 590 diC’tum

284 606 419 678 supra
437 611 486 656 in
503 605 841 672 supplemento
864 605 1039 654 Annal.
1059 603 1183 655 XVI
1201 645 1212 667 ‚
1234 612 1315 666 78.
1645 659 1648 666 ¹

352 674 586 737 Sequanis
608 670 871 738 AEduifijue.
910 671 1021 726 Julii
1040 670 1250 722 Vindicis
1268 688 1418 740 partes
1438 670 1569 722 secu·-

285 742 358 792 tis.
378 740 501 792 Vide
519 739 907 805 Supplementum
935 738 1109 786 Annal.
1128 736 1251 788 XXI
1275 779 1288 801 ‚
1310 742 1402 789 loc.
1422 741 1497 790 cit.

345 805 535 857 Publice*
556 805 764 853 donatos.
797 805 984 854 Publice
1017 804 1213 854 donatos
1253 806 1418 855 finibus
1443 845 1456 866 ‚
1489 804 1567 854 seu
1655 808 1659 836 ³

279 872 1564 1004 33³3⁵113giffiffsssi‘Sussii³112?‘igffim‘iiffiiuisse'misi'ss‘

690 976 703 985 ⁹
1549 973 1565 996 2
1656 989 1659 996 ,

278 1010 361 1076 qui
405 1006 656 1057 Vindicem
694 1003 1002 1052 debellaverat
1037 1042 1053 1064 ‚
1097 1003 1270 1054 factum
1309 1006 1567 1055 videbatur.
1645 1058 1649 1069 x

276 1070 278 1074 ’
343 1071 436 1121 Pro
460 1072 650 1122 Nerone
658 1068 781 1135 fide.
814 1069 898 1120 Ob
917 1067 1193 1118 beneficium
1214 1090 1242 1120 a
1260 1071 1457 1121 Nerone
1481 1085 1563 1116 re·-

275 1142 389 1191 cens
406 1154 646 1205 acceptum
666 1176 680 1198 ‚
716 1137 773 1185 de
799 1154 893 1204 quo
916 1136 1091 1185 dictum
1112 1139 1174 1185 est
1192 1138 1370 1188 Annal.
1397 1134 1521 1187 XVI
1537 1171 1554 1195 ,

274 1224 304 1264 J
315 1224 365 1273 3·
389 1205 575 1255 Neroni
597 1203 781 1254 addicia
799 1236 816 1266 ,
853 1202 1016 1254 Galbae
1034 1200 1228 1255 infensa.

340 1335 470 1386 CAP.
500 1336 611 1389 LII.
644 1335 892 1388 Adlevatoe
916 1353 1054 1387 ποτα.
1090 1335 1240 1386 Erasae
1262 1374 1276 1396 ‚
1305 1348 1384 1383 aut
1405 1329 1564 1381 saltem

274 1405 464 1453 mollitae
488 1421 645 1467 notae,
681 1422 782 1472 quae
811 1405 1079 1453 nominibus
1102 1445 1118 1469 ‚
1155 1407 1207 1452 in
1244 1401 1404 1449 tabulis
1442 1416 1563 1448 cen-

272 1469 469 1521 sualibus
521 1471 897 1538 apponebantur.
950 1471 1083 1520 Idem
1142 1485 1335 1537 quoque
1379 1467 1562 1514 testatur

269 1538 518 1587 Suetonius
551 1541 600 1585 in
619 1537 780 1588 Vitell.
800 1537 922 1602 Cap.
954 1542 1000 1585 8.
1021 1535 1186 1602 Castra
1208 1536 1314 1582 vero
1338 1531 1560 1598 ingreffus

271 1601 393 1651 nihil
417 1603 626 1667 cuiquam
643 1603 842 1668 poscenti
864 1603 1062 1669 negavit
1084 1622 1099 1649 .·
1126 1615 1259 1664 arque
1278 1597 1418 1648 etiam
1438 1600 1558 1646 ultro

269 1667 584 1736 ignominiqfis
615 1684 754 1718 notas
776 1708 793 1728 ‚
831 1668 927 1718 reis
950 1666 1144 1733 sordes,
1181 1664 1417 1713 damnatis
1438 1665 1554 1728 step-

264 1735 414 1798 plicia
453 1772 468 1794 ‚
518 1733 716 1800 dempsit.
767 1735 847 1784 De
884 1736 1009 1783 notis
1055 1732 1158 1782 vide
1197 1730 1472 1780 Suetonium
1503 1732 1553 1781 in

269 1800 442 1852 Claud.
465 1800 587 1867 Cap.
613 1807 687 1849 16.

339 1866 517 1918 Fonteii
549 1866 810 1929 Capitonis.
846 1866 924 1915 De
949 1883 1047 1933 quo
1077 1865 1249 1915 distum
1271 1865 1321 1912 in
1352 1863 1556 1929 Supple-

269 1951 430 1985 mento
452 1933 627 1982 Annal.
646 1932 772 1984 XVI
789 1972 803 1994 ,
825 1951 884 1991 77
913 1938 954 1980 &
977 1951 1059 1990 92.
1656 1974 1659 1981 Α

335 2000 601 2064 Consularis
621 1999 762 2065 legari
792 1999 1013 2063 menficrci.
1044 1998 1151 2047 Nec
1172 2016 1234 2048 eae
1260 1996 1573 2046 liberalitates,
1657 2065 1659 2070 .

308 2084 356 2116 ro
389 2065 636 2116 consularis
656 2067 798 2133 legati
821 2063 1032 2114 mensura
1050 2105 1065 2125 ‚
1105 2063 1181 2114 sed
1215 2067 1264 2115 in
1289 2063 1436 2126 majus
1460 2101 1473 2122 ,
1498 2076 1548 2110 ut

267 2086 542 2200 {rineipalis
587 2136 729 2181 animi
765 2132 937 2181 iudicia
981 2130 1293 2199 felicitatisque
1342 2131 1545 2196 pignora.
1584 2187 1585 2190 Ἰ

268 2201 628 2265 accipiebantur.
663 2200 819 2265 Atque
860 2215 908 2247 ut
949 2197 1037 2246 hac
1074 2199 1382 2264 popularitate
1419 2192 1545 2260 apud
1580 2227 1587 2265 ς
1644 2251 1646 2253 ,

266 2266 442 2316 severos
475 2267 658 2315 humilis
681 2265 928 2314 habebatur
948 2303 962 2326 ‚
985 2267 1049 2313 ita
1080 2264 1204 2330 apud
1229 2262 1432 2312 faventes
1453 2263 1592 2343 co-'ff

266 2400 526 2459 vocabant,
558 2398 685 2466 quod
705 2397 922 2464 Princeps
946 2395 1090 2446 facilis
1122 2404 1167 2445 &
1199 2397 1422 2465 prodigus
1464 2410 1541 2443 me

269 2467 440 2530 judicio
462 2504 474 2526 ‚
491 2465 683 2514 donaret
708 2462 784 2512 sua
806 2504 819 2525 ,
853 2465 1092 2530 largiretur
1108 2464 1275 2514 aliena.
1560 2452 1591 2549 ἱ
1652 2464 1659 2478 '

330 2532 393 2583 Ur
426 2530 475 2582 V
473 2530 657 2580 i-tellius.
693 2528 830 2579 Forte
855 2529 1069 2597 scripturn
1089 2532 1202 2579 olim
1221 2569 1234 2590 ,
1260 2525 1377 2591 apud
1391 2527 1532 2591 sbve-
1564 2588 1567 2591 Ι

260 2614 337 2650 ros
361 2597 544 2650 humilis
572 2637 590 2664 ‚
633 2598 706 2650 ita
745 2597 998 2650 comitatem
1033 2597 1397 2665 bonitatemque,
1434 2590 1529 2641 [rc.
1582 2652 1585 2657 .
1655 2599 1659 2612 ’
