1670 2961
272 172 380 217 roz
451 158 526 217 C.
570 156 1022 217 Connzrn
1066 160 1373 220 TACITI

36 267 322 318 ἕπε’-ἰδέ
374 257 582 316 orbitas
631 257 900 340 Principis
929 307 947 331 ‚
1001 267 1059 319 &
1105 261 1540 344 intemperantia

50 334 100 372 A.
121 335 169 374 U.
192 333 226 373 C

102 408 211 450 822.

92 483 131 523 J.
164 483 212 522 C.

114 557 193 609 69.

231 359 241 370 ·
265 341 504 400 civitatis
530 389 547 413 ‚
592 339 772 401 donec
819 365 958 402 unus
1009 342 1243 425 eligatur
1271 392 1288 418 ,
1332 344 1542 403 multos

267 424 596 486 destinandi.
646 424 911 506 Augebat
939 424 1152 485 famam
1175 476 1192 501 ,
1231 427 1393 511 ipsius
1417 428 1543 487 Titi

267 510 560 591 ingenium
586 529 1050 590 quantaecumque
1074 508 1310 571 fortunae
1334 533 1503 594 capax
1524 557 1545 583 ,

267 594 437 652 decor
468 592 576 649 oris
602 615 734 648 cum
761 592 1008 672 quadam
1037 597 1318 674 majestate
1342 643 1357 667 ‚
1399 592 1547 677 pros-

267 699 409 761 perce
450 672 770 756 Vespasiani
816 676 900 734 res
925 722 942 747 ,
980 674 1212 758 praesaga
1259 675 1553 761 responsa,

267 771 327 821 &
355 758 635 818 inclinatis
661 757 732 817 ad
761 759 1111 820 credendum
1140 761 1343 821 animis
1366 808 1384 834 ‚
1423 759 1550 820 loco

267 844 533 903 ominum
572 842 746 903 etiam
781 840 1028 904 fortuita.
1080 845 1201 904 Ubi
1236 844 1505 905 Corinthi
1531 891 1550 917 ‚

268 927 494 989 Achaiae
519 926 658 986 urbe
686 974 702 1000 ‚
750 948 929 987 certos
966 929 1194 988 nuntios
1232 928 1445 1010 accepit
1481 927 1553 988 de

270 1011 502 1072 interitu
556 1009 750 1068 Galbae
772 1057 790 1083 ,
837 1018 895 1071 &
941 1011 1172 1070 aderant
1193 1060 1210 1084 ‚
1249 1013 1349 1093 qui
1400 1034 1557 1071 arma

270 1093 499 1157 Vitellii
537 1092 869 1175 bellumque
912 1094 1278 1155 adfirmarent
1309 1120 1322 1153 ε
1363 1095 1555 1156 anxius

277 1179 492 1249 animo,
511 1178 694 1260 paucis
710 1177 1025 1236 amicorum
1042 1177 1308 1237 adhibitis
1324 1225 1342 1250 ‚
1363 1183 1562 1238 cunc‘ta

278 1263 570 1342 utrimque
598 1260 902 1342 perlustrat.
941 1289 975 1313 <c
988 1260 1044 1320 Si
1078 1281 1334 1344 pergeret
1362 1262 1423 1320 in
1444 1264 1563 1322 Ur-

279 1347 462 1406 mbem
479 1392 498 1417 ‚
529 1344 744 1404 nullam
766 1342 937 1404 officii
957 1347 1194 1428 gratiam
1214 1394 1231 1419 ‚
1255 1346 1316 1406 in
1337 1345 1564 1412 alterius

279 1432 607 1491 „honorem
646 1427 915 1513 suscepti:
953 1453 1015 1489 ac
1045 1428 1099 1490 se
1127 1430 1370 1493 Vitellio
1390 1478 1410 1504 ,
1453 1429 1564 1492 five

281 1514 555 1574 »Othoni
585 1560 602 1586 ‚
656 1511 912 1573 obfidem
961 1509 1101 1573 fore.
1168 1514 1266 1572 Sin
1312 1504 1524 1573 rediret
1547 1561 1566 1587 ‚

282 1595 604 1657 moffensam
630 1596 778 1655 haud
808 1596 1042 1655 dubiam
1070 1596 1293 1656 victoris
1317 1621 1330 1654 τ
1362 1595 1459 1654 sed
1484 1597 1569 1655 in·-

279 1679 480 1742 mcerta
502 1680 685 1740 adhuc
710 1677 942 1741 victoria
966 1726 982 1751 ‚
1021 1687 1080 1739 δε
1121 1678 1470 1739 concedente
1508 1680 1570 1738 in

283 1785 511 1848 aepartes
532 1785 686 1847 patre
701 1812 718 1838 ‚
745 1764 927 1823 filium
951 1760 1286 1822 excusatum.
1311 1762 1407 1821 Sin
1426 1761 1573 1824 Ves-

285 1847 581 1934 aopafianus
612 1847 1024 1930 rempublicam
1054 1844 1349 1928 susciperet
1370 1893 1388 1918 ‚
1421 1845 1572 1906 obli-

288 1932 666 1995 mviscendum
710 1929 1051 1994 offensarum
1077 1977 1095 2004 ‚
1139 1930 1212 1992 de
1260 1928 1414 1992 bello
1453 1930 1576 2015 agi-

291 2047 327 2074 σε
339 2018 584 2079 rantibus
602 2046 636 2071 ω
649 2061 664 2076 .

384 2106 460 2163 11.
492 2105 549 2164 Η
569 2125 626 2161 1s
664 2123 726 2160 ac
753 2098 953 2160 talibus
977 2099 1124 2159 inter
1144 2096 1299 2179 spem
1329 2117 1575 2157 metum-

295 2207 407 2269 que
434 2191 701 2268 jastatum
725 2232 741 2257 ‚
778 2185 896 2266 spes
921 2183 1071 2243 vicit.
1111 2184 1282 2241 fuere
1305 2181 1404 2260 qui
1438 2209 1471 2232 cc
1489 2205 1575 2240 ac-

297 2270 572 2330 aocensum
597 2268 872 2330 desiderio
890 2266 1184 2327 Berenices
1202 2265 1403 2346 reginae
1417 2313 1433 2338 ,
1457 2287 1578 2325 ver-

299 2353 466 2414 sotiffe
488 2354 644 2414 iter»
672 2351 983 2412 crederent.
1016 2352 1216 2431 Neque
1241 2348 1580 2409 abhorrebat

302 2461 335 2498 a
353 2438 621 2500 Berenice
641 2434 899 2519 juvenilis
921 2435 1140 2495 animus
1162 2458 1174 2492 z
1197 2431 1293 2493 sed
1319 2432 1579 2515 gerendis

303 2523 469 2584 rebus
495 2521 719 2584 nullum
746 2543 813 2582 ex
835 2543 906 2580 eo
927 2517 1410 2601 impedimentum
1433 2541 1446 2574 z
1485 2515 1579 2575 lae-

291 2627 421 2668 ‘tam
447 2605 825 2692 voluptatibus
849 2602 1282 2668 adolescentiam
1307 2600 1454 2682 egit,
1482 2599 1588 2673 suo,
