1670 2961
252 158 327 220 83
440 161 513 220 C.
547 153 1001 221 ConNrmr
1045 163 1352 227 TAcrrr

252 261 426 320 etiam
458 257 631 320 futuri
671 283 839 344 pavor
863 311 880 335 ‚
927 260 1108 323 subita
1151 264 1524 324 inundatione

40 332 515 403 A·U·C·Tiberis:
555 367 653 425 qm
704 345 983 406 lmmenso
1027 351 1190 406 aut-[tu
1225 395 1242 420 ‚
1294 368 1522 430 proruto

81 407 192 451 822.

81 480 122 521 J·
153 480 203 522 C·
249 448 421 511 ponte
463 427 708 487 Sublicio
738 476 755 501 ‚
798 454 859 488 ac
891 432 1064 512 strage
1106 431 1368 513 obstantis
1392 452 1524 489 mo-

98 549 181 601 §9-
248 512 315 570 lis
342 508 550 571 refusus
574 559 592 583 ,
637 535 754 570 non
802 512 977 570 modo
1005 515 1243 593 jacentia
1279 523 1335 575 ὃς
1364 513 1527 596 plana

251 594 426 654 Urbis
469 593 590 652 loca
629 641 646 666 ,
699 593 797 653 sed
838 593 1026 654 secura
1070 595 1393 676 hujusmodi
1437 619 1529 655 ca-

248 677 411 737 suum
431 675 707 760 implevit.
730 679 901 760 Rapti
931 700 960 736 e
987 677 1212 760 publico
1240 677 1491 760 plerique
1510 723 1531 750 ,

253 759 438 844 plures
463 762 522 819 in
550 759 793 819 tabernis
816 770 876 821 &
903 760 1179 820 cubilibus
1216 760 1531 844 intercepti.

252 846 449 904 Fames
497 845 558 903 in
608 842 805 927 vulgus
831 892 848 917 ‚
902 842 1092 926 inopia
1147 842 1375 925 quaestfis
1409 891 1427 917 ,
1476 852 1536 905 δὲ

254 925 485 1012 penuria
522 927 926 988 alimentorum
952 953 964 986 ι
993 947 1250 1009 corrupta
1286 929 1537 1009 stagnan-

256 1011 404 1071 tibus
432 1011 589 1092 aquis
612 1009 916 1072 insularum
939 1008 1310 1069 fundamenta
1325 1057 1342 1082 ,
1368 1010 1501 1069 dein
1519 1057 1538 1085 ,

257 1115 547 1156 remeante
594 1095 829 1155 flumine
862 1140 879 1166 ‚
929 1093 1152 1176 dilapsa.
1184 1095 1380 1174 thue
1428 1093 1540 1173 pri-

254 1178 422 1240 mum
468 1200 668 1239 vacuus
717 1202 748 1236 a
806 1176 1055 1259 periculo
1113 1176 1349 1235 animus
1386 1173 1495 1235 fuit
1522 1223 1540 1249 ,

258 1262 322 1321 id
360 1260 542 1343 ipsum
572 1309 589 1335 ‚
655 1262 813 1342 quod
858 1260 1076 1343 paranti
1120 1258 1540 1341 expeditionem

259 1345 527 1417 Othoni,
560 1368 788 1427 campus
817 1344 1059 1403 Martius
1085 1390 1101 1415 ,
1138 1351 1195 1402 δε
1230 1344 1321 1402 via
1341 1341 1543 1402 Flami-

260 1429 393 1501 nia,
444 1430 550 1489 iter
594 1427 731 1488 belli
774 1425 907 1488 effer
938 1426 1280 1486 obstruetum
1307 1473 1324 1498 ‚
1351 1449 1384 1484 a
1426 1423 1546 1484 for-

263 1512 419 1574 tuitis
456 1511 548 1574 vel
588 1511 932 1572 naturalibus
974 1508 1141 1570 causis
1170 1557 1187 1582 ,
1248 1510 1309 1569 in
1355 1509 1549 1591 prodi-

265 1598 427 1681 gium
480 1604 539 1657 &
589 1617 763 1658 omen
801 1594 1242 1675 ‚imminentium
1299 1590 1548 1653 cladium

262 1679 604 1746 vertebatur.
1016 1717 1019 1719 ·

348 1765 711 1826 LXXXVII.
738 1763 924 1824 Orno
943 1809 959 1834 ‚
992 1757 1210 1823 lustrata
1240 1755 1401 1816 Urbe
1431 1801 1448 1827 ,
1493 1765 1552 1816 ὃζ

269 1847 517 1930 expensis
547 1847 687 1908 belli
730 1845 969 1905 consiliis
996 1895 1013 1920 ,
1068 1841 1297 1925 quando
1329 1839 1552 1899 Peninae

268 1932 593 2015 Cottiaeque
637 1929 810 2012 Alpes
843 1975 861 2000 ,
913 1937 972 1989 &
1020 1926 1191 1987 ceteri
1237 1922 1552 1984 Galliarum

270 2014 454 2074 aditus
531 2012 858 2076 Vitellianis
926 2009 1258 2073 exercitibus
1325 2006 1555 2067 claude-

269 2098 476 2158 bantur
504 2145 521 2170 ,
561 2093 991 2157 Narbonensem
1033 2092 1282 2154 Galliam
1320 2090 1556 2172 adgredi

271 2182 458 2242 statuit
493 2227 511 2254 ,
570 2179 730 2242 claffe
774 2178 959 2241 valida
1001 2187 1060 2239 &
1102 2175 1346 2258 partibus
1392 2173 1505 2232 fida
1532 2219 1551 2246 ‚

272 2264 432 2347 quod
459 2263 703 2346 reliquos
741 2261 1004 2323 caesorum
1043 2261 1117 2321 ad
1140 2280 1376 2344 pontem
1408 2255 1553 2317 Mil-

270 2348 431 2408 vium
478 2395 497 2419 ,
547 2357 606 2408 ἅτ
665 2345 869 2407 saevitia
911 2345 1104 2405 Galbae
1141 2348 1201 2403 in
1251 2341 1556 2402 custodiam

279 2431 501 2492 habitos
542 2479 559 2503 ‚
617 2430 677 2489 in
734 2451 998 2490 numeros
1044 2428 1282 2510 legionis
1325 2447 1559 2506 compo-

272 2514 460 2575 -suerat
487 2539 498 2571 :
527 2512 673 2574 faeta
704 2522 762 2574 δε
803 2514 999 2574 ceteris
1042 2510 1160 2594 spes
1191 2507 1565 2571 honoratioris

281 2598 342 2659 in
370 2599 654 2679 posterum
697 2597 929 2661 militiae.
973 2595 1222 2660 Addidit
1265 2591 1408 2655 clasfi
1454 2592 1566 2650 Ur«
