1714 2961
261 160 864 205 HISTonxARUM
928 140 1176 205 Lrn.1.
1289 162 1360 202 21

99 242 209 306 fuit
249 293 267 319 ,
324 246 471 304 inter
520 239 805 324 praesentes
861 239 1328 322 splendidisfimus
1353 289 1371 315 ,
1394 260 1592 303 Ξ

52 341 56 343 ’
101 329 258 414 spem
281 325 616 408 adoptioniS,
631 323 812 380 statim
832 344 1179 404 conceptam,
1198 325 1371 385 acrius
1393 322 1442 362 A.
1462 324 1509 362 U·
1535 323 1590 366 C·

104 436 165 473 in
189 412 305 471 dies
328 408 574 490 rapiebat
599 430 611 463 :
632 404 947 465 faventibus
970 407 1243 489 plerisque
1269 410 1373 467 mi-
1437 394 1573 479 8²²⁴,

105 497 309 569 litum3
349 489 523 575 prona
557 491 619 548 in
659 513 791 549 eum
830 489 953 550 aula
987 492 1228 551 Neronis
1255 538 1272 563 ‚
1314 512 1375 551 ut
1425 467 1562 584 ³⁶69C‘

101 576 363 637 similem.
1516 563 1543 593 '⁴

187 659 348 719 XIV.
397 659 528 716 SED
568 655 751 715 Galba
771 701 786 726 ‚
829 657 947 735 post
977 657 1201 716 nuntios
1239 661 1379 719 Ger-

107 743 335 803 manicae
352 739 660 810 seditionis,
676 760 1022 819 quamquam
1035 740 1177 799 nihil
1197 742 1264 800 ad
1272 743 1380 801 huc

109 826 182 885 de
229 823 466 886 Vitellio
519 843 736 881 certum
769 867 786 892 ‚
841 824 1030 882 anxius
1057 871 1074 896 ‚
1130 824 1380 904 quonam

111 908 455 970 exercituum
499 907 580 964 vis
626 927 984 985 erumperet,
1031 929 1102 966 ne
1144 908 1382 966 Urbano

109 991 344 1074 quidem
369 989 540 1049 militi
564 988 797 1047 confisus
822 1035 838 1060 ,
881 989 1038 1070 quod
1061 991 1384 1051 remedium

111 1075 342 1136 unicum
362 1074 602 1145 rebatur,
619 1073 849 1130 comitia
872 1074 1096 1155 imperii
1118 1073 1383 1157 transigit.

112 1158 505 1237 Adhibitoque
528 1205 545 1229 ‚
589 1154 748 1237 super
781 1157 1024 1216 Vinium
1045 1205 1063 1229 ,
1106 1181 1168 1216 ac
1207 1161 1388 1216 Laco-

116 1265 250 1305 nem
273 1290 290 1314 ,
331 1242 522 1301 Mario
551 1237 720 1298 Celso
743 1287 759 1311 ,
801 1238 1024 1299 consule
1054 1240 1341 1322 designato
1367 1288 1389 1315 ‚

118 1350 179 1386 ac
209 1324 512 1385 Ducennio
542 1324 793 1382 Gemino
813 1371 830 1395 ,
875 1320 1130 1404 praefecto
1175 1325 1346 1384 Urbis
1368 1371 1391 1398 ,

119 1432 290 1492 pauca
325 1406 578 1492 praefatus
618 1406 737 1466 cede
765 1404 857 1467 sua
884 1406 1198 1480 senectute,
1236 1407 1392 1467 Piso-

47 1534 50 1536 ψ
118 1515 298 1558 :onem
347 1491 706 1551 Licinianum
755 1489 986 1550 arceffin
1035 1491 1194 1571 jubet
1232 1517 1245 1550 :
1275 1490 1394 1552 'seu

121 1573 341 1661 propria
369 1575 642 1636 electione
672 1621 689 1647 ‚
731 1573 839 1635 five
864 1621 881 1646 ,
928 1594 988 1633 ut
1015 1575 1250 1656 quidam
1279 1596 1393 1635 tra-

123 1659 390 1720 diderunt
417 1708 434 1732 ,
478 1662 702 1718 Lacone
752 1659 988 1718 instante
1015 1706 1032 1731 ‚
1076 1659 1203 1732 cui,
1247 1658 1397 1740 apud

123 1742 455 1805 Rubellium
479 1742 737 1801 Plautum
757 1791 773 1815 ‚
796 1744 1032 1803 exercita
1054 1766 1183 1802 cum
1198 1742 1397 1804 Pisone

127 1828 374 1886 amicitia
395 1852 408 1885 ε
436 1825 533 1886 sed
558 1825 756 1885 callide
777 1876 793 1899 ‚
823 1848 883 1885 ut
905 1827 1167 1909 ignotum
1190 1875 1206 1899 ,
1243 1824 1401 1887 fove-

129 1910 224 1971 bat
243 1957 259 1981 ‚
302 1919 359 1970 δε
382 1909 638 1993 prospera
669 1910 738 1968 de
767 1909 962 1968 Pisone
987 1908 1140 1968 fama
1170 1909 1400 1970 consilio

129 2001 245 2074 ejus
286 1993 460 2052 fidem
505 1991 813 2052 addiderat.
863 1991 985 2050 Piso
1010 2039 1026 2063 ‚
1076 1995 1166 2052 M.
1199 1992 1402 2055 Craffo

129 2085 189 2139 δέ
220 2074 506 2135 Scribonia
543 2075 761 2158 genitus
781 2123 800 2148 ,
839 2075 1044 2135 nobilis
1071 2076 1357 2158 utrimque
1379 2124 1401 2151 ‚

131 2159 289 2221 vultu
325 2159 631 2238 habituque
671 2160 842 2218 moris
881 2160 1138 2240 antiqui,
1178 2169 1236 2220 δε
1265 2162 1403 2221 aestim

133 2243 382 2303 matione
410 2242 556 2303 reeta
584 2241 800 2302 severus
825 2290 842 2315 ‚
872 2242 1115 2325 deterius
1137 2244 1407 2327 interpre-

139 2326 378 2390 tantibus
407 2327 606 2386 tristior
639 2326 981 2386 habebatur:
1028 2349 1093 2386 ea
1126 2349 1245 2407 pars
1283 2351 1406 2387 mo-

139 2431 266 2469 rum
289 2417 403 2490 ejus
423 2458 438 2481 ,
463 2412 576 2489 quo
602 2407 898 2493 suspectior
920 2409 1167 2469 sollicitis
1183 2457 1201 2483 ‚
1236 2409 1408 2495 adop-

138 2493 279 2561 tanti
312 2491 580 2572 placebat.

230 2576 368 2640 XV.
407 2577 625 2636 Iorrurt
664 2575 847 2636 Galba
872 2623 890 2652 ,
935 2573 1276 2660 apprehensa
1317 2577 1411 2642 Pi-
