1659 2928
0 14 26 26 ‘-
1259 17 1302 30 ’⁵—

202 182 767 241 fz'1sron'1'ARUM
813 174 964 238 Lm.
1008 171 1108 239 IV.
1199 175 1317 257 257

41 275 166 366 {ine
189 281 261 339 ad
285 303 416 340 eum
439 280 614 339 Primi
636 278 877 338 Antonii
899 277 1101 351 literis,
1121 280 1321 360 quibus

1339 302 1532 330 :a

12 424 17 433 ,
38 376 84 449 {fc
98 386 345 423 avertere
380 363 554 422 accita
575 360 816 422 Vitellio
854 359 1056 419 auxilia
1076 409 1093 433 ‚
1136 372 1194 422 δε
1229 385 1319 424 tu-
1336 363 1388 403 A.
1409 365 1458 405 U·
1479 366 1537 406 C.

40 446 294 506 „multus
317 446 646 505 Germanici
674 443 853 527 specie
877 491 894 516 ,
931 464 1206 505 retentare
1245 448 1322 506 le-

23 531 326 614 'mgionesao
360 528 674 611 jubebatur.
718 527 933 587 Eadem
959 528 1320 590 Hordeonius

36 615 259 676 Flaccus
304 611 531 696 praesens
568 632 906 685 monuerat,
949 612 1221 672 inclinato
1262 616 1323 675 in

40 694 444 781 Vespasianum
470 697 662 755 animo
681 743 697 767 ‚
729 704 787 756 &
813 695 1130 777 reipublicae
1156 698 1284 756 cura
1304 747 1325 771 ‚

41 783 131 842 cui
152 780 434 841 excidium
450 779 806 850 adventabat,
820 777 859 835 fi
877 778 1328 862 redintegratum

38 865 256 925 bellum
282 912 298 936 ‚
341 873 398 924 &
422 884 507 922 tot
525 883 874 922 armatorum
896 861 1081 922 millia
1103 863 1327 925 Italiam

40 946 386 1031 inrupiss'ent.

29 1037 49 1048 ’“
127 1032 290 1093 XIV.
313 1036 532 1092 Ion-tm
564 1031 768 1091 Civilis
791 1079 808 1106 ‚
845 1031 1189 1093 desciscendi
1214 1057 1328 1094 cer-

1 1166 4 1170 ,
43 1135 129 1180 tus
161 1164 178 1190 ,
216 1115 498 1175 occultato
539 1115 773 1175 interim
812 1117 1009 1178 altiore
1053 1117 1281 1178 confilio
1307 1167 1326 1192 ‚

42 1222 226 1260 cetera
253 1222 318 1258 ex
347 1220 552 1259 eventu
578 1199 918 1281 judicaturus
942 1250 959 1274 ,
994 1224 1200 1261 novare
1239 1225 1324 1263 res

1 1301 7 1364 Ἰ
28 1282 152 1345 ‘hoc
185 1283 362 1343 modo
389 1285 573 1367 coepit.
616 1282 770 1348 Juffu
792 1285 1060 1358 Vitellii,
1094 1289 1330 1347 Batavo-

44 1390 173 1428 tum
219 1376 478 1451 juventus
526 1366 598 1427 ad
646 1368 932 1430 deleEturn
982 1370 1327 1450 vocabatur3

8 1480 12 1524 ’ς
43 1476 220 1536 quem
244 1501 261 1526 ‚
285 1452 472 1534 suapte
499 1452 696 1511 natura
726 1478 985 1536 gravem,
1015 1455 1337 1515 onerabant

9 1531 15 1610 ιζ
40 1537 282 1612 ⁴ministri
312 1535 540 1597 avaritia
566 1560 628 1596 ac
654 1537 785 1597 luxu
807 1586 824 1611 ,
862 1536 1018 1598 senes
1047 1561 1141 1598 aut
1166 1540 1329 1598 inva-

12 1625 19 1694 ’ζ
47 1621 195 1683 lidos
219 1620 608 1704 conquirendo
636 1668 652 1694 ,
696 1646 836 1704 quos
864 1623 1046 1705 pretio
1070 1623 1333 1684 dimitte-

15 1709 20 1751 ἶ
44 1727 172 1769 rent
194 1730 206 1762 ε
248 1705 426 1765 rursus
450 1705 709 1786 impubes
731 1752 747 1778 ‚
786 1705 883 1765 sed
908 1705 1094 1764 forma
1116 1707 1335 1790 conspi-

15 1810 17 1812 ·
47 1790 136 1850 cui
177 1792 194 1865 (
217 1797 275 1848 &
301 1791 375 1848 est
400 1787 673 1870 plerisque
702 1811 932 1872 procera
955 1791 1232 1872 pueritia)
1260 1791 1333 1851 ad

45 1875 296 1955 stuprum
348 1872 726 1934 trahebantur.
785 1874 934 1932 Hinc
978 1874 1192 1932 invidia
1216 1900 1228 1933 z
1275 1883 1334 1935 &

46 1956 368 2037 compofitae
405 1955 693 2016 seditionis
722 1962 972 2016 auetores
998 1957 1291 2040 perpulere
1315 2006 1335 2032 ‚

46 2058 110 2115 με
135 2040 421 2100 ἀείθέὶιιιη
449 2040 777 2100 abnuerent.
816 2040 1019 2100 Civilis
1058 2043 1335 2124 primores

27 2118 32 2134 ⁵
52 2125 233 2208 gentis
258 2173 274 2197 ‚
321 2132 378 2184 &
460 2123 857 2207 romptiffimos
908 2123 1062 2206 vulgi
1089 2173 1106 2198 ,
1150 2124 1336 2209 specie

34 2207 340 2291 'epularum
357 2256 374 2280 ‚
423 2231 615 2268 acrum
637 2208 697 2266 in
723 2231 922 2268 nemus
948 2229 1173 2268 vocatos
1193 2257 1210 2282 ‚
1235 2209 1336 2268 ubi

0 2388 2 2394 ’
26 2346 42 2429 i
54 2373 341 2459 gloriaque
365 2377 543 2456 gentis
568 2375 717 2435 orsus
741 2424 759 2448 ‚
782 2377 1009 2458 injurias
1033 2385 1090 2436 δε
1111 2397 1295 2457 raptus
1312 2422 1334 2448 ‚

55 2465 112 2519 &5
131 2480 314 2518 cetera
334 2456 542 2517 servitii
566 2459 714 2519 mala
737 2480 1047 2519 enumerat.
1081 2487 1113 2509 oc
1128 2460 1331 2538 Neque

101 2543 254 2602 enim
298 2539 622 2602 societatem
649 2589 667 2614 ,
705 2562 766 2600 ut
818 2543 958 2600 olim
980 2589 996 2613 ,
1036 2539 1132 2600 sed
1181 2562 1331 2600 tam-

99 2647 270 2713 quam
306 2626 587 2706 mancipia
625 2623 835 2686 habeti.
887 2624 1138 2702 Quando
1175 2625 1336 2710 legaff

1022 2709 1159 2770 Nv

34 2290 214 2350 &soe
253 2315 314 2350 ac
345 2291 534 2351 laetitia
557 2291 842 2352 incaluisse
865 2291 1020 2352 videt
1042 2341 1058 2366 ‚
1097 2317 1129 2352 a
1167 2292 1335 2352 laude
1365 2357 1374 2362 N

1388 435 1499 480 822.

1377 509 1413 548 J.
1448 509 1500 550 C.

1411 581 1488 640 692
