1659 2928
308 148 854 193 nis-romAnuM
910 128 1154 193 Nous.
1268 152 1384 215 475

115 229 236 282 Haec
264 230 380 282 forte
409 249 530 282 vana
557 230 659 281 sunt
676 270 690 292 ‚
722 247 809 280 nec
831 231 889 279 de
910 231 1006 279 ullo
1025 228 1242 296 scriptore
1263 247 1390 299 quae-

112 298 287 361 renda3
305 302 384 367 qui
403 299 511 347 dum
529 297 640 347 falsa
655 316 754 346 non
772 297 956 357 scribat,
972 314 1268 365 quocumque
1287 314 1392 346 nar-

34 363 37 366 ⁴
110 367 303 414 tationis
324 382 493 432 genere
512 365 573 411 uti
589 365 752 429 potest.
785 361 941 412 Bassus
972 366 1034 410 rei
1066 365 1239 413 exitum
1268 365 1390 414 intra

111 429 305 479 domum
337 431 576 497 opperitur
597 468 610 489 ,
646 428 825 495 pudore
860 444 939 476 aut
970 445 1094 476 metu
1122 447 1134 476 :
1169 429 1349 477 Atriam
1372 467 1390 491 ,

108 495 339 546 honorata
378 514 532 545 tamen
567 494 770 544 custodia
798 532 811 556 ,
848 494 1110 559 pervehitur
1134 532 1147 554 ,
1183 512 1231 544 ut
1267 512 1391 546 certa

43 605 49 610 ,
110 561 220 611 esset
238 561 378 612 fides:
399 564 595 611 vincitur
610 581 639 611 a
654 561 879 621 MenniO,
903 559 1143 628 suspicioso
1169 561 1387 623 homine,

108 626 232 679 forte
266 627 419 679 cameri
456 627 640 678 conscio
677 626 811 678 Basso
837 664 851 687 ‚
891 643 938 675 ut
974 630 1201 677 constaret
1236 628 1389 692 fides5

118 711 222 763 quae
256 695 364 745 crim
397 697 631 756 constitit,
673 697 731 743 ab
768 693 957 743 Hormo
980 733 993 756 ‚
1025 693 1295 759 Vespasiani
1326 695 1388 744 li-

112 761 242 810 berto
263 802 279 825 ,
327 762 529 811 exsoluta
568 763 716 812 statim
760 762 959 808 vincula.
1014 761 1195 810 Mutato
1236 777 1389 813 autem

111 825 397 878 sacramento
419 867 431 889 ‚
467 827 735 895 praefeffllm
762 828 955 874 mutavit
985 826 1125 874 claffis
1147 866 1161 889 ‚
1194 826 1391 876 consen-

113 896 252 949 tiente
271 933 286 957 ‚
320 912 369 943 ut
399 898 600 960 opinor,
628 891 763 941 Basso
784 930 797 951 ,
829 892 956 958 quod
988 891 1154 940 Fuscus
1175 932 1188 953 ‚
1228 897 1390 960 vigens

112 977 241 1010 aetate
265 1000 278 1023 ,
312 963 442 1010 claris
468 960 692 1008 natalibus
710 996 723 1018 ‚
755 955 966 1024 susceptis
987 956 1253 1025 Vespafiani
1280 977 1391 1025 par-

111 1028 228 1076 tibus
246 1065 258 1088 ,
276 1030 547 1076 acerrimam
566 1026 689 1074 bello
707 1023 858 1073 facem
879 1023 1138 1090 praeferret3
1155 1043 1203 1076 ut
1215 1026 1391 1076 dictum

111 1095 175 1142 est
198 1092 317 1143 Hist.
336 1095 381 1142 II
401 1132 415 1154 ,
446 1098 524 1142 86.
552 1092 677 1144 Vide
699 1098 744 1139 &
767 1089 886 1140 infra
906 1090 1028 1140 Hist.
1051 1091 1120 1139 III
1135 1132 1148 1153 ‚
1171 1111 1249 1150 42.
1273 1093 1391 1142 Per-

109 1162 219 1209 asto
241 1177 394 1209 autem
414 1160 537 1208 bello
557 1198 571 1222 ‚
597 1157 744 1207 Fusco
782 1175 839 1206 ue
864 1160 1086 1225 praetoriis
1113 1159 1393 1226 infignibus,

108 1224 232 1277 Hist.
254 1226 342 1288 IV,
363 1246 393 1285 4
416 1265 429 1287 ,
460 1226 634 1275 donato
655 1264 669 1286 ‚
704 1176 880 1274 viaetur
896 1223 1051 1275 Bassus
1073 1224 1393 1291 praefecturam

111 1292 253 1342 classis
274 1293 551 1342 Ravennatis
581 1290 860 1358 resumpsisse
878 1330 892 1352 ,
927 1307 976 1340 ut
997 1293 1311 1355 conjicere'est
1333 1309 1391 1342 ex

110 1357 413 1426 Inscriptione
429 1400 442 1421 ,
460 1378 601 1428 quarn
617 1361 746 1408 attuli
763 1360 810 1409 in
828 1360 983 1426 priore
996 1357 1151 1410 Taciti
1172 1360 1394 1423 editione,

111 1425 255 1476 Tom.
278 1427 346 1475 III
366 1466 379 1487 ,
414 1443 526 1493 pag.
551 1444 665 1485 447.
1339 1425 1344 1429 ’

176 1491 448 1541 Liburnicis
474 1493 689 1541 navibus.
725 1489 802 1540 De
833 1491 1066 1541 liburnicis
1092 1492 1265 1542 dif’cum
1285 1490 1401 1540 An«-

108 1561 204 1608 nal.
228 1556 351 1608 XVI
373 1598 386 1620 ,
420 1576 493 1616 14.

179 1624 378 1675 Atriam.
432 1623 578 1674 Nunc
608 1619 761 1675 Adria
786 1661 804 1684 ,
851 1621 971 1672 dans
1008 1622 1056 1672 la
1091 1620 1297 1691 Polefine
1336 1621 1394 1673 de

110 1689 304 1758 Rovigo.

178 1821 304 1872 (ῘΑΡ.
323 1817 460 1869 XIII.
493 1816 683 1869 Secreta
716 1817 958 1885 castrorum
989 1817 1242 1883 adftffcms.
1290 1819 1390 1869 Ce-

113 1890 218 1941 teris
251 1905 335 1954 per
366 1886 539 1934 militiae
572 1903 765 1935 munera
802 1885 1004 1952 disperfis
1028 1925 1041 1947 ,
1080 1885 1247 1936 secreta
1282 1885 1386 1935 cas-

114 1971 290 2006 trorum
312 1993 324 2015 ,
356 1952 433 2000 seu
460 1969 638 2018 tempus
661 1991 674 2014 ,
713 1970 808 2021 quo
829 1951 925 2001 sola
944 1969 1073 2001 erant
1094 1954 1236 2005 castra
1254 1992 1268 2017 ‚
1306 1970 1391 2003 au-

113 2038 292 2091 cupans
328 2018 517 2070 Caecina
538 2058 552 2081 ‚
590 2037 668 2068 eos
692 2035 828 2070 vocat
855 2020 903 2069 in
925 2022 1190 2087 principia:

285 2121 462 2167 Concilii
486 2121 716 2176 penetrale,
751 2121 974 2178 domumque
1002 2119 1214 2165 verendam

283 2198 536 2253 signorum,
570 2197 715 2238 Statius
744 2198 778 2236 X
798 2225 810 2243 ,
853 2210 949 2236 120.

177 2286 235 2337 In
261 2285 383 2335 ανόἶο
402 2300 708 2334 commearem.
732 2283 1026 2337 Cibariorum
1045 2300 1394 2354 ceterorumque

114 2367 457 2405 commeatuum
488 2353 734 2418 angustias.

181 2419 357 2468 Cun5ia
370 2417 522 2483 fimul.
561 2417 717 2467 Potius
754 2420 901 2470 οιιηέἕί
918 2417 1058 2486 simul
1083 2435 1100 2471 ‚⁰
1139 2432 1187 2464 ut
1216 2414 1390 2489 placuit

113 2485 351 2537 ‘Acidalia
378 2483 495 2534 Mox
520 2487 645 2533 enim
667 2485 789 2554 Cap.
811 2486 905 2554 seq.
931 2480 1231 2550 Haecstngult
1250 2519 1265 2544 ‚
1288 2479 1388 2529 haee

39 2568 47 2571 ”
116 2549 325 2617 universi.

187 2618 295 2672 Huc
319 2614 531 2684 cecidzffs.
558 2615 726 2669 Melius
747 2616 834 2671 hac
856 2613 1074 2685 recidtffi,
1106 2615 1183 2667 Sic
1202 2628 1393 2683 quoque
