1659 2928
278 130 359 168 nx
387 126 837 170 sronrARUM
893 109 1134 172 Νότε.
1246 123 1363 192 '525'

77 206 269 265 ‘Frustra
312 224 452 258 tentat
492 207 673 273 Lipsius
703 247 716 270 ,
753 226 835 275 quo
862 209 1076 273 feriatim
1103 247 1118 272 ‚
1152 229 1240 278 pro
1276 230 1361 280 quo

84 277 313 326 certatim.
355 275 526 341 Ignota
545 275 768 323 Romanis
795 293 884 323 vox
897 276 1124 340 seriatim.

151 340 416 392 Scribonios
440 339 633 402 fratres.
663 341 740 388 De
764 358 926 388 eorum
950 343 1089 391 exitio
1114 342 1216 392 vide
1238 343 1363 409 Sap,

87 408 376 475 plementum
394 404 570 452 Annal.
587 404 712 454 XVI
732 443 745 465 ,
773 414 827 453 61
840 439 854 454 .

153 471 339 523 Vibium
361 468 586 534 Crispum.
622 469 885 519 Hominem
908 469 1041 519 famae
1062 489 1243 539 magnae
1261 492 1364 539 po,-

86 537 173 590 titls
195 577 207 600 ,
240 537 379 606 quam
402 536 535 587 bonae
554 553 569 598 3
604 536 661 585 de
684 554 780 604 quo
802 535 934 601 supra
952 537 1135 585 Hist.II
1151 576 1166 598 ‚
1201 556 1274 587 10.

152 603 371 655 Nondum
380 601 619 667 senatoria}
643 618 794 665 aetate.
813 603 1044 654 Nondum
1064 620 1194 654 natus
1217 622 1368 657 annos

87 673 296 741 quinque
318 676 362 719 &
381 670 562 737 viginti,

162 825 291 885 CAP.
308 824 468 884 XLII.
486 822 667 890 Aquilio
677 821 874 892 Regulo.
888 823 930 871 Is
947 821 1150 890 Regulus
1170 827 1367 879 omnium

87 889 295 956 bipedum
316 890 626 957 nequiffimus,
657 888 731 955 qui
764 906 821 938 ex
847 905 1043 950 paupere
1070 889 1121 941 Cr
1150 895 1276 943 tenui
1302 894 1367 944 ad

87 958 319 1008 maximas
337 974 441 1020 opes
462 973 543 1018 per
548 955 743 1024 flagitia
762 955 966 1021 proceffit
990 973 1009 1016 ,·
1045 956 1102 1005 de
1122 975 1216 1025 quo
1234 961 1370 1026 plura

83 1024 192 1083 >vide
219 1023 344 1090 apud
371 1023 575 1072 Plinium
593 1023 615 1070 I
634 1060 647 1083 ,
678 1020 768 1087 Ep.
798 1036 842 1082 ς.
877 1028 921 1069 &
938 1021 987 1069 II
1004 1061 1018 1083 ‚
1047 1022 1136 1089 Ep.
1163 1028 1240 1074 20'.

155 1089 410 1157 Craſjorum
431 1088 482 1138 Cr·
510 1088 694 1150 Orphiti
720 1087 891 1136 domus·
920 1087 1131 1138 Crassum
1151 1091 1373 1142 Cameri-

0 1209 1 1212 ,
87 1174 295 1224 numque
313 1195 326 1218 ,
359 1174 385 1204 e
408 1154 674 1205 Cra-ssorum
698 1153 841 1213 domo
861 1192 874 1215 ,
909 1173 937 1202 a
958 1155 1140 1222 Regulo
1166 1157 1242 1206 sub
1264 1159 1373 1210 Ne-

85 1241 205 1282 rone
226 1221 457 1272 accusatos
484 1237 711 1280 memorat
733 1238 921 1288 quoque
942 1221 1114 1270 Plinius
1138 1223 1191 1285 I,
1218 1224 1307 1292 Ep.
1326 1241 1371 1285 5.

92 1289 171 1338 De
193 1288 355 1338 Crasso
381 1328 394 1350 ,
429 1287 604 1337 Pisonis
630 1307 657 1337 a
675 1286 827 1344 Galba
845 1287 1052 1353 'adoptati
1074 1290 1211 1339 fratre
1229 1292 1371 1352 ,vide

93 1355 312 1405 Tacitum
330 1355 522 1415 Hist.1,
556 1360 634 1414 48.
669 1354 747 1402 De
773 1353 1081 1403 Scriboniano
1116 1355 1373 1413 Camerino

89 1421 195 1470 vide
225 1421 438 1470 eumdem
466 1421 686 1470 Tacitum
717 1419 838 1468 Hist.
858 1420 935 1481 ΙΙ,
971 1439 1051 1479 72.
1094 1421 1374 1475 Cornelium

90 1486 353 1552 Orphitum
376 1525 389 1548 ‚
428 1488 663 1535 consulem
689 1526 702 1548 ,
741 1486 1047 1553 putidumque
1083 1488 1371 1548 adulatorem

91 1554 287 1607 vidimus
316 1553 491 1602 Annal.
516 1552 642 1614 XII,
675 1570 758 1611 41.
794 1558 839 1600 &
873 1551 997 1603 XVI
1017 1591 1029 1612 ,
1067 1571 1139 1602 12.
1318 1553 1321 1554 ⁷

158 1619 332 1682 Sponte
349 1635 408 1668 ex
426 1618 481 1668 S.
501 1618 556 1677 C,
575 1617 774 1685 Optime
795 1618 954 1676 illustr.
969 1618 1167 1679 Huetius
1189 1640 1200 1670 :
1234 1637 1372 1678 accu-

59 1688 72 1699 “
76 1686 310 1753 sationem
328 1684 529 1735 decrevit
534 1686 748 1749 senatus.
769 1683 847 1734 Ad
865 1702 965 1733 eam
968 1686 1024 1750 se
1028 1686 1194 1751 sponte
1213 1687 1374 1740 obtulit

95 1753 146 1805 V
145 1751 365 1819 ipstanius
383 1750 594 1816 Meffala.
620 1749 767 1809 Unde
790 1750 983 1808 breviter
999 1789 1013 1812 ‚
1036 1751 1112 1800 sed
1135 1756 1344 1805 accurate
1358 1794 1374 1818 ‚

92 1818 283 1867 Tacitus
315 1815 516 1882 scripsit,
537 1817 699 1880 fitonte
733 1832 790 1864 ex
819 1815 1222 1883 finatusconsulto.
1266 1821 1373 1871 Nec

94 1883 319 1934 redundat
337 1923 350 1945 ,
376 1900 424 1932 ut
442 1883 631 1950 quidam
650 1882 836 1929 voluere
855 1920 867 1942 ,
888 1899 946 1931 ex
951 1883 1335 1950 Jenutusconfitlto
1351 1905 1379 1936 ε

95 1968 185 2000 nec
212 1949 553 2005 emendandum
572 1988 585 2011 ,
623 1966 671 1998 ut
696 1949 793 1997 aliis
821 1949 995 2012 placuit
1015 1988 1028 2010 ,
1048 1951 1210 2014 sponte
1231 1969 1288 2001 ex
1297 1953 1372 2019 se.

93 2016 378 2082 Exemplum
414 2015 710 2066 accusationis
743 2031 771 2062 a
807 2014 966 2065 senatu
998 2016 1186 2067 decretae
1219 2018 1378 2085 videre

90 2085 162 2140 est
185 2083 310 2148 apud
329 2082 530 2132 Plinium
548 2122 563 2146 ‚
595 2081 686 2149 Ep.
709 2081 756 2128 II
772 2118 786 2140 ‚
827 2098 844 2128 1
861 2098 902 2129 1.

164 2149 278 2198 Non
309 2149 491 2213 causam
513 2188 529 2208 ,
566 2164 704 2214 neque
734 2162 857 2195 reum
887 2145 1019 2197 tueri.
1054 2147 1212 2213 Bene,
1245 2157 1291 2200 δε
1315 2152 1376 2202 ad

93 2232 301 2265 mentem
338 2214 653 2279 Quintiliani,
685 2213 900 2263 Declam.
930 2230 1149 2264 cccxnI.
1188 2216 1378 2283 Majore

95 2276 201 2330 'cum
245 2281 523 2331 verecundid
559 2295 785 2345 patronus
830 2278 1115 2332 confitebitur
1136 2321 1153 2347 ‚
1184 2282 1235 2351 fi
1269 2284 1378 2350 quid

103 2345 408 2410 confitendum
439 2347 515 2414 est.

167 2411 359 2462 Curtius
387 2412 658 2464 Montanus,
690 2413 796 2466 Jam
820 2426 1097 2461 memoratus
1119 2411 1252 2480 supra
1271 2419 1382 2468 Ana

73 2494 76 2497 ’
101 2479 199 2533 nal.
216 2477 340 2530 XVI
359 2516 373 2539 ,
406 2483 482 2527 28.
502 2479 741 2533 ,juvenalis
766 2494 917 2527 autem
936 2517 951 2539 ,
983 2478 1131 2545 Satyr.
1153 2481 1242 2543 IV,
1271 2503 1382 2547 107,

236 2578 424 2644 Montani
455 2590 596 2642 quoque
628 2589 762 2621 venter
794 2577 897 2633 adest
929 2576 1136 2623 abdomine
1167 2583 1324 2642 tarduf.
