1659 2928
308 163 877 207 nrsronrARuM
925 138 1166 209 Nom.
1260 172 1381 228 419

20 243 23 265 ³
62 268 65 272 ’
99 245 272 296 toribus
301 245 670 313 ignoscentibuS,
703 249 878 295 crimen
899 265 1060 297 eorum
1080 287 1093 308 ,
1129 246 1257 297 verso
1290 267 1383 298 no-

19 306 24 352 ἶ
95 314 223 361 mine
240 351 252 373 ,
275 315 470 375 mutari3
492 319 537 360 &
556 350 569 373 ‚
595 311 722 377 quod
743 315 930 361 avaritia
950 313 1119 373 fuerat,
1156 314 1379 383 siquidem

62 409 74 428 f
94 378 454 443 repetundarum
479 377 744 425 criminibus
774 378 1063 438 ceciderant,
1097 382 1382 442 majestatem

18 450 37 458 ”
71 439 337 508 ¹appellari.
373 442 519 506 Quod
546 442 734 509 quidem
759 444 1004 506 majestatis
1035 446 1210 492 crimen
1247 464 1377 497 tanto

43 521 55 572 f
94 510 206 558 odio
233 527 328 559 erat
359 525 550 575 propter
575 525 642 558 tot
664 511 935 558 innocentes
967 511 1082 560 olim
1106 510 1377 574 damnatos,

21 580 25 638 'J
94 591 144 624 ut
167 580 304 625 etiam
330 574 462 624 bonae
490 578 612 642 leges
633 577 850 642 perirent.
880 575 1101 646 Quisquis
1122 581 1246 626 enim
1269 597 1379 628 ma·-

96 642 264 705 jestatis
297 641 617 703 accusabatur,
649 640 802 691 insons
831 643 1097 705 videbatur,
1123 643 1230 695 licet
1250 647 1379 696 mul-

23 722 48 727 ⁴
96 723 249 759 torum
279 710 478 759 aliorum
513 711 762 759 criminum
793 707 912 758 foret
940 727 1057 759 reus.

160 838 287 890 CAP.
323 839 606 891 LXXVIII.
631 836 993 906 Hispalienfibus-
1033 837 1085 887 Cr
1116 836 1377 891 Emeriten-

75 902 230 972 sibus.
277 906 482 972 Hispalis
502 945 515 967 ‚
557 923 681 955 nunc
718 904 889 956 Se'ville
911 903 1028 953 dans
1051 903 1380 975 Z'Andaloufie.

91 969 295 1021 Emerita
313 1011 327 1034 ,
356 990 482 1021 nunc
507 972 697 1022 Merida
720 971 840 1020 dans
858 969 1261 1036 l’Estramadour-e.

1 1075 4 1078 -
40 1059 47 1079 ι
175 1037 484 1088 Familiarum
534 1037 824 1105 adjeoiiones.
886 1038 964 1088 Sic
1009 1037 1136 1104 apud
1189 1038 1380 1092 Livium

11 1110 30 1164 ,ἴ
89 1100 258 1153 XLIII
277 1143 292 1166 ,
321 1122 395 1163 17.
416 1103 758 1170 Postulantibus
790 1103 1143 1171 Aquileiensium
1165 1102 1336 1171 legaris
1362 1141 1383 1167 ,

12 1183 14 1185 ’
76 1182 143 1218 ὐτ
179 1188 412 1220 numerum
449 1170 727 1220 coloniarum
764 1186 955 1236 augeret
1009 1168 1209 1237 (melitis
1233 1211 1250 1235 ,
1288 1189 1383 1222 nu·-

25 1246 28 1250 '
89 1252 243 1284 merus
268 1273 282 1286 .
300 1272 318 1286 .
339 1274 352 1286 .
378 1272 389 1283 .
409 1243 692 1304 augeretur)
714 1277 728 1301 ,
760 1237 882 1286 mille
921 1235 970 1288 fs·
996 1236 1258 1305 quingentae
1286 1237 1384 1304 fa-⁴

95 1301 238 1352 miliae
261 1303 710 1370 exstenacuftonsulto
727 1304 936 1369 scriptae.

26 1379 29 1432 ]
161 1367 455 1436 Lingonibus
493 1369 732 1437 universis.
763 1371 834 1419 Ita
862 1370 966 1419 libri
994 1387 1176 1419 omnes.
1200 1369 1383 1423 Verum

27 1432 31 1492 “,
95 1433 205 1484 cum
233 1443 291 1483 de
315 1434 541 1502 Hispanis
564 1436 720 1503 potiris
740 1475 752 1498 ‚
776 1437 916 1505 quam
945 1436 1000 1485 de
1023 1435 1172 1486 Gallis
1207 1441 1285 1505 agi
1303 1435 1384 1489 hic.

86 1501 326 1564 videatur,
357 1520 412 1551 ac
439 1504 682 1570 Lingones
714 1506 854 1568 primi
893 1509 936 1550 ὃ(
966 1503 1188 1568 praecipui
1209 1503 1382 1555 fuerint

8 1600 11 1603 ,
87 1569 139 1618 in
165 1567 413 1620 Othonem
434 1569 583 1617 hostes
602 1608 614 1629 ‚
646 1570 834 1635 putabat
858 1568 1040 1634 Lipfius
1068 1586 1156 1634 pro
1189 1569 1380 1638 Lingo-

88 1635 226 1684 nibus
271 1637 330 1685 ali
368 1653 476 1684 uam
515 1635 754 1702 Hispaniae
795 1652 983 1704 gentem
1017 1632 1094 1684 hic
1140 1653 1380 1703 reponeno

90 1701 199 1750 dam
219 1740 233 1763 ,
260 1653 472 1752 Luilonas
504 1701 623 1752 forte
657 1720 733 1751 aut
754 1703 1007 1751 Illnrconas
1029 1741 1042 1762 ,
1078 1702 1258 1752 aliudve
1290 1705 1383 1755 tale

88 1785 282 1817 nomen.
307 1767 447 1817 Forte
473 1783 628 1817 tamen
656 1769 956 1836 Lingonibus
987 1769 1143 1817 civitas
1163 1768 1382 1821 Romana

90 1834 247 1882 oblata
277 1835 439 1884 datave
470 1873 483 1896 ,
520 1851 567 1884 ut
600 1853 679 1887 eos
719 1834 854 1887 Otho
898 1834 977 1886 fibi
1007 1833 1312 1902 conciliaret,
1349 1851 1382 1887 a

88 1899 290 1956 ²Vitellio
307 1901 568 1951 abduceret.

152 1966 426 2018 Maurorum
459 1968 689 2017 civitates.
721 1967 888 2019 Voluit
915 1985 965 2018 ut
994 1966 1269 2017 Maurorum
1306 1971 1380 2018 ci-

16 2048 17 2051 *
87 2033 250 2082 vitares
275 2052 304 2084 a
323 2035 491 2085 Baetica
516 2037 617 2098 jura
648 2051 858 2101 peterent
878 2075 891 2096 ,
916 2032 1101 2099 ejusque
1121 2051 1379 2086 conventus

86 2099 308 2162 juridicos
329 2103 523 2152 adirent.
546 2102 659 2152 Huc
687 2100 805 2151 forte
823 2101 995 2168 spestat
1018 2100 1163 2150 Rufus
1180 2100 1335 2151 Festus
1359 2140 1376 2166 ,

86 2166 136 2216 in
160 2168 395 2218 Breviario
415 2209 427 2231 ,
453 2168 576 2235 Cap.
604 2186 647 2229 5.
684 2167 842 2217 Trans
860 2168 1036 2232 fretum
1060 2168 1194 2217 etiam
1218 2166 1266 2217 in
1275 2167 1378 2235 ffil⁰

85 2245 225 2284 terrae
265 2234 443 2298 Africae
477 2234 718 2299 provincia
753 2234 1078 2301 Hispaniarum
1119 2233 1178 2288 eli
1215 2274 1230 2295 ‚
1275 2251 1379 2300 quae

90 2297 373 2367 Tingitania
391 2300 695 2352 Mauritania
719 2302 1082 2369 cognominatur.
1112 2299 1374 2367 Praecipuas

86 2364 366 2417 Maurorum
393 2371 594 2419 civitates
617 2369 793 2420 Baeticae
818 2366 945 2418 datas
974 2365 1100 2416 fuiffe
1118 2366 1301 2433 Tingin
1327 2374 1376 2417 δε

86 2431 260 2484 Lixum
283 2475 296 2496 ,
329 2453 452 2484 nunc
472 2436 627 2502 Tanja
662 2443 708 2486 &
740 2436 918 2489 Alkasr
949 2429 1114 2485 merito
1150 2434 1373 2484 existimat

55 2503 58 2506 ’
90 2500 289 2551 eruditus
326 2502 551 2565 Aldrete‚
593 2500 768 2554 Varias
805 2497 1156 2568 Antiguedades·
1193 2496 1247 2547 de
1286 2498 1375 2562 Est

42 2567 244 2629 41⁷afia,
291 2567 457 2631 Africa
479 2608 496 2637 ‚
522 2587 563 2638 y
612 2584 740 2622 otras
769 2567 1053 2636 provincias.
1100 2563 1232 2614 Libr·
1266 2565 1401 2631 fv,-

39 2656 43 2670 1
93 2630 217 2700 Cap.
243 2652 321 2687 21.

1084 2699 1119 2752 S
1153 2699 1201 2765 vj
