1670 2961
249 180 361 218 110
434 157 509 215 C.
553 156 1003 217 CORNEL11
1048 156 1352 218 ΤΑοιτι

29 282 223 320 Ε
244 281 530 341 quaquam
556 279 624 317 eo
647 253 877 316 adsensu
900 255 1136 316 civitatis
1155 304 1174 330 ,
1202 282 1375 341 quem
1402 256 1528 342 pes-

28 337 216 382 A.U.<:.
245 344 394 403 simis
436 341 689 401 moribus
728 362 1049 401 meruerat:
1094 341 1302 427 quippe
1341 343 1525 426 ipsum

63 413 178 530 ξιξ·
246 426 513 511 Crispum
549 424 773 487 easdem
807 424 1181 486 accusationes
1218 450 1349 486 cum
1390 449 1528 511 prae-

80 559 161 612 69·

171 516 183 529 '
246 514 366 573 mio
407 508 702 572 exercuisse
751 509 1173 568 meminerant:
1215 533 1318 571 nec
1360 533 1529 594 poena

241 596 494 658 criminis
518 640 535 666 ‚
575 591 672 653 sed
703 591 851 651 ultor
882 590 1227 672 displicebat.

328 681 433 738 XI.
482 680 673 737 LAETA
716 675 949 736 interim
986 675 1212 737 Othoni
1259 674 1530 759 principia

238 762 415 836 belli,
439 762 609 821 motis
631 759 703 821 ad
723 760 1028 845 imperium
1051 767 1167 840 ejus
1184 783 1215 820 e
1233 758 1529 820 Dalmatia

241 844 645 928 Pannoniaque
681 843 1030 904 exercitibus,
1080 846 1251 904 Fuere
1287 865 1530 926 quatuor

240 930 495 1015 legiones
518 978 535 1003 ,
580 952 609 989 e
634 928 839 1010 quibus
863 928 996 987 bina
1021 928 1201 988 millia
1222 925 1527 1012 praemiffa3

239 1014 365 1099 ipsae
391 1013 632 1074 modicis
653 1011 958 1072 intervallis
978 1010 1388 1093 sequebantur:
1408 1009 1531 1095 sep-

241 1102 384 1160 tima
407 1147 423 1172 ‚
447 1123 480 1158 a
503 1096 687 1157 Galba
709 1094 1018 1180 conscripta
1041 1119 1058 1174 3
1084 1117 1355 1156 veteranae
1378 1141 1396 1169 ,
1420 1118 1531 1155 un·-

238 1184 466 1245 decima
493 1230 510 1256 ‚
559 1204 622 1241 ac
672 1180 1063 1242 tertiadecima
1089 1227 1106 1253 ‚
1153 1187 1211 1242 &
1257 1178 1529 1264 praecipua

238 1266 395 1331 fama
416 1263 954 1350 quartadecumani',
981 1262 1292 1324 rebellione
1311 1263 1530 1324 Britan-

239 1353 346 1416 niae
369 1348 699 1435 compressa.
733 1348 1055 1409 Addiderat
1077 1347 1317 1432 gloriam
1337 1349 1493 1408 Nero
1507 1394 1528 1421 ,

237 1436 511 1520 eligendo
529 1482 549 1508 ‚
583 1455 647 1495 ut
672 1433 997 1517 potiffimos.
1024 1431 1198 1493 Unde
1223 1432 1394 1515 longa
1417 1430 1530 1492 illis
1616 1426 1618 1429 ’

238 1543 374 1604 erga
403 1521 696 1580 Neronem
727 1517 866 1578 fides
888 1566 908 1590 ,
949 1526 1008 1579 ὃς
1036 1521 1219 1577 εῐεᾶὶῑι
1246 1517 1306 1578 in
1333 1515 1531 1575 Otho-

239 1628 376 1666 nem
399 1602 592 1665 studia.
625 1601 736 1663 Sed
754 1603 874 1684 quo
896 1601 1018 1684 plus
1041 1601 1247 1660 virium
1271 1623 1331 1657 ac
1356 1598 1529 1658 robo-

239 1690 315 1750 tis
341 1736 359 1761 ‚
396 1711 426 1748 e
453 1685 661 1748 fiducia
690 1686 917 1747 tarditas
946 1686 1127 1746 inerat
1151 1709 1166 1743 ε
1208 1705 1416 1767 agmen
1445 1681 1531 1744 le·-

240 1774 479 1856 gionurn
504 1821 521 1845 ‚
561 1769 656 1830 alae
693 1768 1063 1852 cohortesque
1096 1766 1528 1853 praeveniebant.

239 1860 322 1918 Ex
365 1855 481 1943 ipsa
525 1855 686 1916 Urbe
727 1855 881 1916 haud
924 1850 1239 1937 spernenda
1285 1873 1483 1911 manus
1505 1896 1529 1923 ,

238 1941 496 2024 quinque
528 1940 792 2023 praetoriae
825 1940 1085 2000 cohortes
1106 1985 1126 2012 ,
1169 1944 1226 1998 &
1266 1936 1528 2016 equitum

240 2024 448 2086 vexilla
468 2047 600 2084 cum
629 2024 855 2107 legione
888 2020 1069 2107 prima
1099 2071 1116 2095 ,
1161 2044 1223 2080 ac
1264 2016 1528 2083 deforme

243 2107 467 2192 insuper
481 2107 772 2182 auxilium,
792 2109 907 2168 duo
925 2105 1105 2166 millia
1127 2102 1528 2187 gladiatorum,

240 2190 341 2252 sed
364 2215 461 2276 per
485 2192 670 2253 civilia
689 2216 846 2253 arma
871 2191 1044 2251 etiarn
1064 2187 1267 2251 severis
1288 2185 1524 2250 ducibus

244 2274 586 2359 usurpatum.
629 2278 732 2337 His
756 2277 929 2359 copiis
956 2279 1136 2335 rector
1162 2270 1384 2335 additus
1408 2269 1530 2335 An-

247 2361 371 2420 nius
394 2358 594 2420 ’Gallus
624 2408 641 2433 ‚
681 2384 811 2420 curn
835 2358 1113 2422 Vestricio
1138 2353 1419 2438 Spurinna
1453 2352 1529 2413 ad

245 2443 598 2527 occupandas
635 2445 775 2504 Padi
819 2444 959 2525 ripas
1003 2436 1301 2525 praemiffus
1330 2464 1343 2496 ε
1389 2460 1530 2517 quo-

244 2529 405 2592 :niam
449 2527 630 2611 prima
671 2527 1032 2588 consiliorum
1071 2523 1266 2584 frustra
1304 2521 1528 2584 cecide-

248 2631 373 2672 rant
384 2658 404 2686 ,
424 2610 750 2696 transgresso
772 2620 888 2698 jam
902 2610 1077 2695 Alpes
1089 2603 1338 2680 caecina,
1351 2626 1531 2687 quem
