1659 2928
268 169 391 235 :436
496 163 575 219 IN
614 155 913 218 LIBRUM
964 148 1355 222 monimum

277 277 353 319 24.
376 251 612 324 Frequens
643 260 739 320 ejus
768 259 941 306 mentio
970 259 1020 304 in
1049 256 1342 325 Moguntinis
1369 267 1545 309 mortu-¹
1585 289 1590 295 ·

273 327 454 375 mentis.
492 325 546 372 In
582 326 782 373 numinis
824 323 1028 372 Gallieni
1065 339 1175 373 LEG.
1214 341 1354 374 xxn.
1398 325 1544 380 Nulla

272 392 368 452 ejus
391 393 615 440 memoria
649 390 772 457 apud
807 391 1014 439 Dionem
1036 428 1048 448 ,
1087 391 1177 438 loc.
1205 393 1279 439 cit.
1308 393 1449 441 Dicta
1480 394 1547 444 est
1583 431 1600 439 μ,

271 456 558 524 Primigenia
584 460 634 506 in
670 459 807 507 veteri
831 455 1132 522 Inscriptione
1166 457 1289 522 apud
1319 458 1544 507 eruditum

272 521 395 573 Gori
411 561 425 584 ,
445 522 651 588 Inscript.
675 524 838 588 Antiq.
858 522 1002 570 Tom.
1027 522 1094 572 III
1113 561 1126 582 ‚
1167 540 1277 591 pag.
1303 541 1409 582 172.
1431 539 1544 580 LEO,
1579 548 1582 551 Δ

316 604 415 637 x11.
450 604 663 639 PRIMIG.
696 589 878 638 Dicitur
916 590 1052 636 etiam
1087 587 1399 656 Primigenia,
1425 590 1504 650 pia
1528 628 1543 649 ,
1567 642 1583 653 ..

253 604 420 722 ¹{cledis
449 658 499 704 in
529 652 831 721 Inscriptione
864 654 1009 721 pofita
1055 656 1170 701 olim
1210 657 1260 703 in
1299 655 1544 707 Veteribus
1584 680 1604 690 s·

268 722 450 782 eastris,
486 718 665 770 Santen
687 761 700 781 ‚
732 738 855 769 nunc
883 723 932 769 in
965 720 1145 790 oppido
1168 719 1428 787 Bergendal
1451 720 1542 769 ser-

266 786 399 848 vata,
424 788 530 836 teste
556 787 633 840 cl.
663 786 830 856 Alting
856 825 870 847 ‚
901 786 1090 837 Notiria
1125 785 1390 836 Germanice
1415 783 1544 850 infe-
1581 805 1585 809 ·

264 853 404 905 rioris
425 853 625 918 antiquae
645 893 661 916 ‚
695 871 805 920 pag.
837 870 913 917 32.
933 867 1045 903 nze.
1071 869 1214 901 xxn.
1236 870 1318 902 PR.
1337 869 1381 902 P.
1399 868 1444 903 F.
1584 858 1586 864 ’

333 919 505 969 LEG10
535 934 974 969 DUOETVICESIMA
997 957 1011 979 ,
1049 920 1099 967 in
1138 917 1373 987 AEgypto.=
1388 918 1540 972 Tacit.

265 983 390 1036 Hist.
423 985 498 1047 V,
528 1005 567 1034 1.
591 985 736 1051 Apud
756 984 1008 1034 Gruterum
1025 1021 1039 1044 ,
1065 1001 1176 1051 pag.
1199 1001 1310 1045 525.
1339 1003 1469 1032 num.
1493 1004 1537 1035 2.

260 1068 542 1101 memoratur
558 1068 606 1101 T.
643 1051 852 1101 Aufidius
870 1050 1037 1100 Balbus
1056 1067 1148 1099 ΤΒ..
1164 1068 1278 1100 Mn..
1300 1067 1541 1100 ALEXAN-

260 1134 387 1169 ΒΜ),
417 1134 495 1168 AD
531 1133 752 1167 AEGYPT.
788 1133 920 1166 LEG.
953 1132 1097 1164 xxn.
1124 1116 1178 1164 Id
1210 1118 1302 1176 est,
1337 1117 1541 1166 tribunus

259 1185 460 1234 militum
488 1183 778 1233 Alexandriae
807 1183 864 1232 ad
883 1182 1143 1250 AEgyptum
1169 1183 1367 1251 legionis
1383 1183 1542 1232 duoet-

261 1251 500 1302 vicefimae.
528 1250 585 1299 Et
605 1253 654 1299 in
674 1249 955 1300 Patrensibus
980 1250 1180 1298 nummis
1196 1288 1210 1310 ,
1250 1249 1544 1315 Principibus

260 1316 466 1366 Claudio
487 1324 530 1365 &
551 1317 704 1366 Galba
721 1357 734 1379 ,
766 1316 877 1366 cusis
893 1355 905 1376 ,
925 1332 1036 1364 col..
1060 1332 1110 1364 A.
1130 1331 1179 1364 A.
1199 1331 1352 1365 PATR.
1369 1316 1423 1364 Id
1442 1316 1506 1364 est
1520 1354 1539 1378 ,

261 1382 460 1432 Colonia
490 1383 693 1451 Augusta
719 1382 841 1434 Aroe
863 1381 1099 1447 Patrensis
1119 1421 1134 1444 ‚
1161 1399 1286 1430 nunc
1311 1381 1486 1430 Patras
1509 1397 1537 1440 ;

259 1453 306 1498 δε
337 1452 454 1498 inter
495 1452 698 1518 aquilam
735 1449 956 1518 signaque
990 1450 1236 1507 militaria,
1276 1447 1443 1499 XXII.
1481 1447 1541 1497 Id

261 1516 361 1575 est,
394 1517 519 1583 legio
548 1516 913 1565 duoetvicefima.

327 1581 499 1631 anro
517 1599 543 1630 E
563 1581 995 1647 crASS1c1s.Legi0
1013 1581 1093 1628 illa
1113 1596 1392 1629 memoratur
1412 1579 1540 1630 Hm.-

260 1645 332 1696 ΙΙΙ
350 1686 364 1709 ,
411 1662 485 1710 55.
513 1647 769 1715 conscripta
787 1687 799 1709 ‚
837 1663 885 1695 ut
909 1647 1083 1696 videtur
1101 1685 1114 1707 ,
1141 1665 1169 1696 a
1199 1647 1390 1697 Vitellio
1410 1685 1422 1707 ,
1445 1664 1535 1695 ex-

261 1715 416 1763 tremis
440 1731 493 1763 ac
518 1714 661 1764 ferme
687 1712 941 1780 'desperatis
975 1713 1124 1760 rebus.
1155 1714 1320 1761 Statim
1348 1712 1536 1761 Flavia-

256 1782 329 1828 nis
351 1779 502 1829 dedita
520 1819 532 1841 ,
565 1796 820 1847 numquam
843 1794 1094 1844 comparet.
1120 1777 1237 1826 Eam
1263 1777 1367 1827 sane
1379 1778 1535 1830 ViteI-
1555 1787 1558 1790 ’

258 1847 346 1895 lius
382 1864 407 1894 e
448 1848 599 1895 castris
633 1846 968 1895 Ravennatium
998 1851 1043 1893 δε
1072 1843 1364 1894 Misenatium
1383 1883 1397 1906 ‚
1432 1863 1535 1913 quae

258 1928 390 1963 erant
413 1913 574 1962 Rornae
597 1910 934 1979 conscripserat.

324 1977 415 2027 Hae
439 1978 538 2028 sunt
563 1981 767 2046 legiones
786 2018 798 2040 ,
832 1996 932 2046 quae
966 1979 1083 2026 inter
1106 1977 1190 2026 hos
1216 1978 1441 2026 bellorum
1465 1980 1535 2027 ci·-

260 2045 421 2093 vilium
460 2062 609 2094 motus
643 2045 804 2112 passim
831 2043 1128 2093 celebrantur.
1164 2044 1242 2092 Ad
1277 2044 1532 2101 faciliorem

257 2109 414 2159 Taciti
454 2110 765 2161 Historiarum
802 2111 1155 2177 intelligentiam
1198 2109 1285 2160 suis
1328 2108 1535 2178 quasque
1587 2165 1590 2168 ⁴

259 2176 311 2229 iu
332 2177 446 2227 locis
468 2196 593 2229 nunc
616 2179 739 2242 juvat
764 2175 1097 2244 repraesentare.

518 2285 1237 2356 *LEGIONES

703 2408 761 2458 In
797 2406 1050 2459 Britannici
1074 2444 1091 2467 ‚

505 2491 741 2527 securim.-
759 2513 773 2536 ,
806 2491 947 2524 Nom.
967 2513 980 2536 ,
1015 2487 1291 2524 wensnvm.

722 2557 782 2608 In
815 2556 1035 2623 Hispanici
1061 2596 1076 2620 ‚

385 2640 561 2687 ἔΜΜΑ
585 2639 855 2681 ADJUTMX
876 2662 892 2688 ,
930 2639 1098 2680 SEXTA
1120 2660 1136 2688 ,
1171 2635 1389 2676 namma
