1670 2961
75 267 266 294 za

299 160 370 220 50
481 140 553 198 C.
593 139 1025 198 Commu
1073 141 1373 204 TAcm’x

288 237 527 299 insulam
555 236 914 322 seponeretur
936 286 953 311 ‚
986 239 1056 299 ab
1087 263 1319 304 evocato
1340 293 1356 318 ‚
1392 260 1570 327 quem

73 323 124 363 A.
144 323 192 360 U.
215 321 262 359 C·
288 324 359 383 ad
399 323 610 383 caedem
647 329 763 403 ejus
804 324 967 382 Otho
1006 325 1339 407 praemiserat
1368 377 1384 400 ‚
1428 353 1567 387 con⁴

125 393 231 435 822.

109 466 147 507 J.
180 465 232 507 C.

133 537 215 593 69.

287 404 473 469 forsas.
497 412 562 468 In
584 407 939 466 Mattianum
962 408 1173 468 Icelum
1194 458 1211 483 ,
1240 433 1300 472 ut
1319 413 1380 471 in
1399 411 1567 471 liber-

288 513 411 553 tum
435 540 450 564 ‚
498 490 683 574 palam
721 490 1189 552 animadversum.

374 578 620 636 XLVII.
650 576 888 633 ExAcTo
925 596 1023 657 per
1056 574 1260 636 scelera
1295 576 1388 636 die
1412 623 1428 648 ,
1465 599 1576 634 no«-

282 661 564 721 viffimum
614 657 896 717 ‘malorum
943 656 1050 717 fuit
1102 658 1306 719 laetitia.
1378 662 1565 719 Vocat

280 742 538 803 senatum
568 762 765 826 praetor
787 742 1084 801 Urbanus:
1127 763 1342 803 certant
1378 741 1568 801 adula-

282 827 533 888 tionibus
580 827 752 887 ceteri
797 827 1160 910 magistratus.
1247 828 1566 886 Accurrunt
1652 896 1657 901 ἱ

282 934 463 997 patres
498 936 510 969 ε
561 910 881 970 decernitur
930 911 1156 970 Othoni
1205 939 1238 963 cc
1266 911 1567 971 tribunicia

280 1027 316 1052 aa
328 997 560 1079 potestas
582 1042 599 1067 ‚
640 1003 697 1053 δε
724 1017 937 1053 nomen
962 994 1195 1076 Augusti
1217 1044 1232 1068 ‚
1271 1005 1330 1056 δέ
1364 1018 1564 1054 omnes

280 1110 315 1135 ο)
327 1080 650 1161 Principum
669 1077 908 1136 honores
924 1107 956 1130 a>
970 1125 985 1148 ‚
1003 1078 1381 1138 adnitentibus
1402 1102 1567 1138 cunc·

282 1165 352 1224 tis
381 1162 606 1222 abolere
642 1162 895 1220 convicia
921 1185 982 1220 ac
1009 1162 1212 1244 probra
1235 1211 1251 1234 ‚
1290 1187 1409 1244 quae
1434 1166 1567 1246 pross-

283 1246 491 1307 miscue
526 1250 705 1328 jacta,
753 1244 952 1305 haefiffe
995 1247 1188 1304 animo
1233 1253 1348 1326 ejus
1390 1270 1565 1306 nemo

281 1330 445 1392 sensit
470 1355 482 1388 ε
532 1325 797 1389 omififfet
819 1327 1049 1389 offensas
1075 1379 1092 1402 ,
1128 1354 1196 1388 an
1234 1329 1522 1391 distuliffet
1546 1380 1566 1404 ,

282 1415 558 1476 brevitate
592 1413 817 1496 imperii
844 1415 904 1472 in
929 1416 1144 1473 incerto
1174 1411 1298 1474 fuit.
1353 1415 1516 1474 Otho
1545 1463 1564 1488 ‚

282 1519 517 1560 cruento
559 1497 740 1557 adhuc
776 1495 902 1556 foro
926 1546 942 1570 ‚
981 1521 1079 1580 per
1108 1500 1344 1581 stragem
1375 1505 1565 1579 jacen-

281 1585 429 1645 tium
455 1630 473 1655 ,
509 1583 569 1641 in
603 1580 957 1664 Capitolium
980 1629 997 1654 ,
1032 1603 1200 1664 atque
1231 1582 1365 1641 inde
1389 1583 1447 1640 in
1472 1606 1566 1665 pa-

282 1668 486 1728 latium
520 1670 710 1727 vectus
733 1713 749 1737 ‚
791 1692 824 1716 cc
843 1667 1079 1725 concedi
1116 1688 1346 1749 corpora
1381 1664 1566 1748 sepul-

280 1773 461 1811 noturae
486 1798 502 1823 ‚
542 1749 937 1830 cremarique»
972 1749 1238 1832 permisit.
1301 1748 1565 1810 Pisonem

280 1836 532 1897 Verania
553 1858 688 1899 uxor
706 1882 722 1905 ‚
746 1857 807 1892 ac
834 1832 1004 1893 frat'er
1033 1834 1425 1893 Scribonianus
1446 1881 1463 1905 ,
1488 1836 1562 1895 T.

281 1919 527 1982 Vinium
552 1916 812 2000 Crispina
833 1917 949 1975 filia
976 1916 1336 2000 composuere
1360 1964 1376 1990 ,
1414 1940 1566 1998 quae-

284 2002 396 2063 sitis
418 2000 833 2084 redemptisque
859 2001 1128 2083 capitibus
1149 2049 1166 2074 ‚
1205 2025 1324 2084 quae
1345 2000 1564 2062 venalia

162 2131 165 2133 -
213 2160 218 2165 q
283 2084 672 2148 interfectores
707 2083 1072 2146 servaverant.

370 2171 638 2233 XLVIII,
677 2173 797 2227 Prs
820 2191 856 2226 o
904 2191 1080 2230 unum
1123 2175 1181 2227 &
1219 2166 1563 2229 tricesimum

287 2254 457 2313 aetatis
495 2276 708 2311 annum
749 2250 1042 2334 explebat,
1091 2248 1241 2309 fama
1279 2251 1515 2313 meliore
1545 2300 1566 2326 ,

289 2337 463 2419 quam
482 2335 722 2396 fortuna.
735 2339 943 2394 Fratres
964 2343 1077 2416 ejus
1095 2336 1379 2417 Magnum
1395 2337 1566 2395 Clau-

291 2421 414 2481 dius
441 2469 457 2494 ‚
497 2419 759 2481 Crassum
796 2421 949 2478 Nero
986 2416 1398 2480 interfecerant.
1443 2419 1588 2503 Ipse·

288 2504 387 2563 diu
429 2502 615 2577 exsul,
663 2503 962 2586 quatriduo
1009 2501 1188 2562 Caesar
1213 2550 1228 2574 ,
1270 2502 1562 2585 properata

287 2584 592 2671 adoptione
613 2637 632 2664 ,
668 2588 742 2649 ad
770 2588 876 2647 hoc
905 2608 1127 2649 tantum
1165 2587 1364 2669 majori
1400 2584 1563 2647 fratri

1645 2717 1670 2868 i
