1659 2928
290 180 368 220 111
392 179 612 219 sroru
634 177 843 220 ARuM
905 158 1144 217 Nove.
1260 162 1376 235 465

166 251 418 333 Donistlune.
446 257 602 307 Hastis
618 296 635 323 ,h
660 257 860 323 phaleris
878 296 890 319 ,
928 254 1165 322 torquibus
1184 291 1198 315 ,
1221 254 1386 303 armil-

100 311 155 368 lis
176 360 190 382 ‚
226 339 410 372 coronis
432 362 445 385 ‚
480 341 581 390 quae
603 323 728 372 dona
748 339 876 372 erant
898 323 1112 371 militaria
1134 359 1148 382 ‚
1183 318 1384 371 virtutis-

19 411 32 442 ι,
103 401 197 452 que
227 391 431 452 praemia.

148 451 260 502 Non
279 452 464 504 Vitellio
482 452 715 515 Principe.
731 452 847 502 Non
861 451 1072 513 Vitellio,
1090 451 1163 500 sed
1181 452 1272 500 alio
1288 469 1382 501 me-

100 514 218 565 liore
235 517 468 586 Principe.
483 518 548 567 Et
566 517 803 586 usurpatur
821 537 908 586 pro
918 517 1002 583 Jed
1018 557 1034 578 ,
1058 535 1108 566 ut
1122 517 1230 565 alizis
1246 515 1381 582 saepe.

165 581 385 638 Matrem.
421 586 660 637 Sextiliam
684 605 700 650 3
744 586 801 635 de
831 586 922 653 qua
950 581 1082 652 supra
1107 584 1230 649 Cap.
1254 590 1332 641 67.

101 775 131 828 s
171 713 298 796 Cfss’·
330 715 445 767 XC.
479 717 663 769 Nomen
697 716 905 785 Augusti.
950 715 1023 765 Ut
1057 716 1152 779 jarn
1190 715 1384 767 vidimus

123 781 636 916 ΠΡᾶἾῗιηῑΕ-ίῗξιῂιῗῑῗοΒευε
655 846 811 895 illustr.
832 845 1055 895 Huetius:
1078 844 1271 911 Caufizm
1292 863 1386 896 nott

100 907 260 962 habuit
295 930 376 964 cur
411 914 637 981 recufizret
655 928 676 974 ,·
713 929 798 963 nec
830 911 994 965 deinde
1020 929 1102 962 cur
1127 914 1385 981 recusatum

98 976 369 1045 acfficmeret.

166 1111 295 1161 CAP.
331 1111 465 1173 XCI.
514 1109 796 1177 Cremerensi
835 1107 1112 1178 Alliensique
1155 1110 1386 1165 cladibus.¹

98 1175 183 1225 ‘Ad
201 1178 473 1228 Cremeram
493 1218 507 1240 ,
527 1177 704 1227 Tusciae
721 1180 910 1226 fluvium
930 1217 944 1238 ,
968 1178 1107 1227 hodie
1124 1175 1171 1226 la
1190 1178 1240 1230 V
1237 1194 1350 1227 arca
1365 1217 1385 1240 ,

101 1248 291 1293 trecenti
315 1243 447 1295 Fabii
479 1263 506 1294 a
531 1245 801 1297 Veientibus
835 1244 931 1293 caefi
959 1243 1060 1294 sunt
1083 1262 1208 1293 anno
1238 1244 1385 1293 Urbis

101 1311 301 1360 conditae
322 1328 560 1362 ccrxvn.
589 1311 668 1360 Ad
691 1311 867 1360 Alliam
886 1350 900 1372 ,
938 1328 1063 1360 nunc
1089 1310 1313 1361 Torrente
1335 1310 1387 1361 di

99 1374 275 1427 Carino
288 1417 305 1441 ‚
325 1381 434 1428 vieti
447 1396 474 1428 a
491 1377 640 1428 Gallis
660 1378 862 1426 Romani
881 1395 1006 1425 anno
1021 1377 1166 1426 Urbis
1184 1378 1384 1433 conditae

107 1459 356 1494 cccrxlv.
379 1445 505 1494 Cum
522 1443 715 1492 Allienfi
740 1444 867 1492 clade
886 1446 1013 1492 nulla
1035 1442 1167 1492 fuerit
1184 1444 1354 1493 foedior
1369 1482 1387 1505 ,

99 1508 226 1557 diem
244 1548 257 1570 ‚
332 1512 389 1558 ua
413 1513 609 1576 contigit
628 1549 640 1571 ,
670 1509 790 1558 fastis
815 1509 968 1559 Roma
991 1510 1241 1559 damnavit.
1269 1510 1390 1560 Inde

100 1577 153 1624 in
177 1527 361 1624 Tabula
394 1577 634 1626 Antiatina
671 1576 729 1624 ab
761 1574 936 1625 erudito
972 1574 1153 1641 Vulpio
1191 1576 1311 1627 edita
1341 1582 1390 1624 &

99 1642 316 1690 illustrata
343 1662 354 1690 ε
397 1658 479 1692 xv
518 1659 550 1690 K
594 1658 705 1691 AVG
741 1658 857 1691 mes
896 1659 988 1690 Au„
1022 1659 1148 1691 ATR.
1188 1643 1243 1691 Id
1283 1644 1347 1692 est
1371 1681 1388 1705 ‚

97 1707 431 1774 quintodecimo·
442 1706 685 1756 Kalendas
698 1706 1012 1772 Augusti,dies
1029 1707 1245 1775 Alliensis
1259 1724 1387 1759 atra.

169 1773 369 1822 Comitia
395 1772 634 1838 consulum.
671 1773 880 1822 Comitia
906 1772 1161 1822 consularia
1181 1813 1194 1834 ,
1220 1775 1389 1842 quibus

102 1840 376 1888 creabantur
419 1837 624 1888 consules
646 1876 660 1900 ‚
691 1841 795 1902 jam
825 1839 1019 1888 vidimus
1051 1837 1184 1905 filpra
1209 1841 1388 1891 Annal-

99 1905 124 1954 I
145 1946 157 1965 ‚
196 1911 274 1954 81.
308 1906 522 1957 Vitellius
545 1921 698 1954 autem
731 1923 837 1953 cum
860 1905 1110 1954 candidatis
1125 1946 1138 1968 ,
1166 1910 1245 1974 qui
1270 1924 1385 1956 con-

100 1971 295 2021 sulatum
325 1973 618 2033 ambiebant,
656 1974 844 2020 comitia
870 1973 1103 2021 celebrans
1126 2011 1140 2034 ‚
1175 1976 1388 2039 popula-

101 2056 200 2086 rem
232 2038 436 2088 favorem
459 2078 470 2099 ,
506 2041 556 2086 in
589 2039 764 2087 theatro
794 2055 842 2086 ut
870 2037 1097 2104 specstator
1122 2079 1136 2099 ‚
1174 2043 1224 2088 in
1260 2043 1385 2090 circo

99 2121 150 2153 ut
181 2104 357 2164 fautor,
396 2105 666 2154 adfeCrabat.
714 2104 860 2168 Quod
884 2108 1081 2172 egregiae
1099 2105 1245 2154 fuisset
1265 2109 1387 2157 civi-

101 2172 237 2220 litatis
252 2211 265 2232 ‚
285 2175 332 2219 ni
358 2173 582 2220 memoria
607 2173 773 2237 prioris
792 2175 901 2220 'vitae
926 2173 1196 2221 indecorum
1214 2179 1259 2220 &
1278 2174 1387 2222 vile.

101 2237 181 2286 De
211 2238 280 2286 his
313 2241 509 2286 comitiis
538 2239 729 2287 Sueten.
757 2241 807 2286 in
829 2238 989 2289 Vitell.
1014 2238 1136 2305 Cap.
1164 2257 1183 2288 1
1202 2254 1245 2289 Ι.
1279 2239 1386 2289 Co-

102 2305 231 2351 mitia
248 2307 297 2351 in
319 2305 477 2354 decem
498 2321 647 2353 annos
665 2303 923 2366 ordinavit,
949 2305 1086 2370 seque
1121 2320 1386 2368 perpetuum

105 2368 345 2433 consulem.
402 2369 594 2435 Quam&
625 2370 799 2419 civilius
833 2374 1020 2420 comitia
1046 2369 1282 2419 consulum
1307 2389 1386 2421 ce—

109 2437 350 2484 lebraverit
367 2435 596 2499 Trajanus
620 2436 718 2485 fuse
742 2438 940 2502 explicat
960 2437 1133 2484 Plinius
1158 2439 1207 2483 in
1228 2436 1385 2487 Pane-

107 2504 256 2568 gyric.
295 2501 415 2567 Cap.
444 2512 498 2566 63
523 2542 536 2563 ‚
573 2501 748 2568 nosque
771 2503 889 2551 infra
911 2502 1192 2551 narrabimus
1215 2502 1271 2550 ad
1291 2521 1384 2554 an-

113 2586 224 2616 num
257 2585 502 2616 Dcccrur.

177 2632 229 2687 V
228 2635 305 2685 zftae
332 2635 518 2700 prioris·
545 2634 705 2700 Quam
721 2636 837 2685 inter
859 2634 1096 2686 histriones
1116 2633 1385 2705 aurigasque

1104 2701 1215 2759 ,ἵν
