1670 2961
278 169 886 222 '111sT0R1ARUM
939 162 1106 223 L113.
1150 161 1193 221 Ι.
1306 183 1376 242 57

111 279 199 322 tur
225 262 308 322 his
330 262 494 346 segne
525 261 818 342 ingenium
836 306 854 331 ‚
888 281 947 319 ut
970 259 1378 345 concupisceret

110 348 290 430 magis
312 394 328 419 ‚
372 346 543 426 quam
574 363 634 401 ut
661 341 918 424 speraret.

203 433 351 489 LIII.
373 431 464 488 AT
489 427 548 483 in
571 425 848 508 superiore
879 426 1184 485 Germania
1202 476 1219 500 ,
1257 433 1379 488 Cae-

107 513 232 571 cina
257 559 273 583 ‚
320 509 522 575 decora
560 508 784 590 juventa
807 557 824 581 ‚
867 530 1098 590 corpore
1137 513 1334 594 ingens
1358 561 1375 585 ‚

105 595 283 654 animi
301 593 639 658 immodicus
659 641 676 665 ,
702 590 838 651 scito
866 591 1122 653 sermone
1143 642 1160 667 ‚
1192 601 1378 656 erecto

104 677 315 738 inceffu
339 729 355 755 ,
395 677 570 739 studia
600 674 850 734 militum
879 674 1164 738 inlexerat.
1213 682 1381 741 Hunc

108 769 371 843 juvenem
404 760 588 820 Galba-
611 806 627 830 ,
669 760 996 839 quaestorem
1039 759 1098 817 in
1137 764 1338 822 Baetica
1359 812 1380 838 ‚

103 846 345 928 impigre
376 846 435 902 in
472 863 650 925 partes
680 841 796 901 suas
827 840 1216 925 transgressum
1241 895 1258 919 ,
1298 847 1383 907 le·-

107 928 260 1011 gioni
286 925 576 1012 praeposuit
605 950 617 983 z
658 949 791 984 mox
815 947 1170 1007 compertum
1194 931 1382 1012 publi-

106 1034 232 1070 cam
256 1013 553 1093 pecuniam
579 1008 830 1070 avertisse
855 1057 872 1082 ‚
910 1031 972 1070 ut
999 1012 1382 1093 peculatorem

106 1095 343 1177 flagitari
368 1095 528 1177 juffit.
572 1094 798 1152 Caecina
826 1116 965 1175 aegre
992 1093 1166 1176 paffus
1189 1145 1205 1170 ‚
1246 1098 1380 1158 mis-

104 1201 231 1240 cere
255 1183 450 1238 cunCta
468 1226 485 1250 ‚
510 1185 567 1236 &
588 1178 801 1258 privata
819 1178 1047 1236 vulnera
1064 1181 1383 1262 reipublicae

104 1261 265 1325 malis
285 1263 499 1343 operire
522 1261 720 1319 statuit.
748 1261 867 1319 Nec
891 1259 1122 1321 deerant
1145 1267 1202 1322 in
1229 1289 1382 1326 exer-

108 1348 220 1407 citu
247 1345 461 1406 semina
489 1342 774 1402 discordiae
794 1391 811 1416 ‚
845 1344 1000 1424 quod
1026 1354 1083 1405 &
1109 1347 1260 1407 bello
1284 1351 1380 1410 ads

102 1429 286 1491 versus
299 1428 608 1490 Vindicem
630 1425 911 1487 universus
932 1426 1214 1504 adfuerat,
1238 1457 1341 1493 nec
1358 1482 1379 1506 ,

103 1513 203 1575 nifi
224 1511 403 1573 occiso
424 1513 653 1572 Nerone
674 1561 690 1585 ‚
717 1512 1000 1571 transsatus
1023 1513 1083 1570 in
1101 1516 1343 1576 Galbam
1358 1566 1379 1591 ,

99 1620 267 1679 atque
292 1599 352 1657 in
375 1620 442 1657 eo
470 1594 587 1679 ipso
613 1594 960 1655 sacramento
995 1599 1208 1658 vexillis
1236 1600 1378 1662 infe-

100 1683 259 1742 rioris
285 1681 603 1741 Germaniae
631 1688 936 1764 praeVentus
964 1703 1097 1740 erat.
1141 1686 1209 1743 Et
1235 1686 1380 1746 Tre-

100 1767 219 1828 veri
246 1790 308 1825 ac
333 1765 618 1847 Lingones
642 1811 658 1836 ‚
701 1763 944 1846 quasque
969 1764 1099 1824 alias
1126 1768 1376 1829 civitates

100 1850 376 1911 atrocibus
398 1849 612 1919 edictis,
629 1870 721 1906 aut
741 1848 953 1906 damno
973 1848 1175 1908 finium
1194 1852 1378 1913 Galba

101 1933 409 2016 perculerat
444 1980 462 2004 ‚
516 1931 761 1990 hibernis
812 1930 1103 2012 legionum
1152 1937 1379 2017 propius

98 2014 421 2076 miscentur.
469 2014 641 2072 Unde
670 2013 926 2072 seditiosa
956 2015 1238 2098 colloquia
1258 2067 1279 2092 ,
1318 2029 1379 2081 &

98 2101 247 2161 inter
295 2120 538 2181 paganos
586 2099 895 2180 corruptior
942 2098 1104 2158 miles
1139 2150 1156 2173 ‚
1212 2111 1269 2162 δε
1315 2104 1377 2163 in

99 2183 446 2265 Verginium
488 2178 646 2241 favor
667 2230 685 2255 ‚
725 2182 1057 2264 cuicumque
1106 2184 1201 2243 alii
1243 2209 1378 2270 pro-

102 2264 336 2327 futurus.

191 2350 345 2410 LIV.
398 2347 729 2407 M1sr-:RAT
775 2349 965 2409 civitas
1003 2351 1327 2434 Lingonum
1353 2372 1378 2424 ,·

100 2454 290 2492 vetere
327 2431 573 2489 instituto
601 2478 617 2501 ‚
659 2431 809 2490 dona
847 2432 1160 2515 legionibus
1183 2482 1199 2506 ‚
1236 2435 1376 2494 dex-

102 2537 210 2575 tras
235 2562 250 2586 ‚
292 2511 514 2595 hospitii
542 2512 771 2595 infigne.
816 2518 1015 2597 Legati
1041 2539 1271 2590 eorum,
1310 2520 1374 2579 in

99 2597 416 2681 squalorem
446 2597 867 2679 maestitiamque
897 2599 1188 2684 composui
1215 2649 1231 2674 ,
1274 2624 1375 2686 pet

1090 2685 1213 2747 (ἓν

1402 283 1595 312 ======

1400 337 1597 382 A.tL‹3.

1442 409 1553 454 822.

1441 484 1559 525 J.C.

1457 556 1539 604 69.
