1670 2961
255 133 810 175 1-11s-rOR1ARuM
854 115 1009 174 LIB.
1053 113 1128 173 II.
1225 126 1340 188 149'

44 212 446 277 interficerent
469 239 481 272 ε
519 215 727 298 ipsique
755 213 962 274 milites
982 260 998 286 ,
1038 212 1337 296 regionum
1358 229 1550 265 Ξ

62 301 255 383 gnari,
293 299 523 359 refertos
554 320 711 380 agros
735 344 751 368 ‚
788 298 931 356 dites
971 297 1234 355 dominos
1276 297 1337 356 in
1362 283 1474 324 A.U.
1496 281 1550 324 C.

62 384 346 468 praedam,
391 403 482 440 aut
527 379 564 436 fi
611 400 981 461 repugnatum
1034 377 1221 450 foret,
1265 380 1337 439 ad
1403 356 1517 470 ξιξ

66 467 346 526 excidium
373 463 720 523 destinabant
737 510 753 534 ‚
783 461 1040 520 obnoxiis
1067 461 1300 520 ducibus
1320 511 1336 535 ‚
1415 456 1486 549 6⁹9,
1508 452 1522 467 ’

65 559 126 610 &
162 548 456 631 prohibere
492 570 608 604 non
648 545 822 604 ausis:
872 547 1056 603 minus
1098 545 1337 604 avaritiae
1467 549 1476 554 ⁴

63 635 124 692 in
147 630 370 690 Caecina
389 678 405 703 ‚
434 628 553 713 plus
580 630 905 688 ambitionis
934 654 946 686 z
987 627 1197 689 Valens
1219 675 1236 700 ,
1261 629 1337 688 ob

60 715 214 775 lucra
252 723 310 774 &
351 715 576 794 quaestus
616 710 876 784 infamis,
923 711 1102 791 eoque
1146 711 1341 771 alienae

62 799 236 859 etiam
279 798 447 876 culpa:
491 795 870 854 diffimulator.
932 796 1060 856 Jarn
1114 795 1339 875 pridem

61 880 261 942 attritis
320 878 489 938 Italiae
543 878 704 936 rebus
731 925 747 949 ‚
801 898 1021 936 tantum
1076 878 1338 959 peditum

60 964 453 1043 equitumque,
479 961 559 1020 vis
578 1009 594 1034 ,
620 962 970 1043 damnaque,
1009 969 1067 1020 &
1091 962 1303 1042 injuriae
1316 1008 1337 1034 ,

60 1068 199 1128 aegre
237 1045 633 1104 tolerabantur.

151 1130 337 1188 LVII.
376 1131 456 1185 IN
475 1151 508 1184 T
528 1151 553 1185 E
572 1152 614 1187 R
633 1153 650 1186 1
671 1149 717 1184 M
759 1126 1024 1188 Vitellius
1044 1174 1060 1198 ‚
1095 1127 1338 1185 victoriae

57 1210 160 1271 suae
182 1210 392 1270 nescius
413 1259 430 1283 ,
463 1232 522 1269 ut
547 1211 617 1268 ad
642 1212 928 1291 integrum
960 1209 1174 1268 bellum
1196 1259 1214 1282 ,
1248 1233 1338 1269 re·-

59 1295 238 1375 liquas
262 1294 586 1354 Germanici
609 1293 876 1352 exercitus
896 1294 1037 1353 vires
1062 1293 1335 1353 trahebat.

56 1378 224 1439 Pauci
243 1398 495 1436 veterum
516 1377 766 1436 militum
789 1379 846 1435 in
868 1377 1114 1436 hibernis
1138 1377 1337 1449 relicti,

55 1458 319 1520 festinatis
343 1483 439 1541 per
464 1460 675 1519 Gallias
699 1460 1010 1519 delectibus
1028 1508 1044 1532 ,
1071 1481 1130 1519 ut
1155 1461 1336 1519 rema-

54 1543 313 1603 nentium
341 1543 632 1625 legionum
666 1545 901 1603 nomina
929 1542 1336 1626 supplerentur.

56 1629 208 1686 Cura
251 1628 377 1708 ripae
423 1629 757 1687 Hordeonio
797 1628 991 1687 Flacco
1038 1626 1334 1708 permiffa:

0 1764 2 1778 ‚
49 1708 167 1794 ipse
200 1733 228 1770 e
254 1711 574 1769 Britannico
612 1711 833 1771 delectu
864 1716 994 1770 osto
1022 1710 1201 1770 millia
1231 1709 1334 1770 fibi

0 1790 6 1866 ξ
53 1794 302 1875 adjunxit
332 1819 345 1853 :
383 1804 439 1856 δε
478 1817 782 1876 paucorum
813 1795 1036 1855 dierum
1070 1795 1176 1855 iter
1201 1818 1334 1878 pro—

0 1881 5 1897 *
53 1875 257 1959 gressus
279 1924 295 1950 ‚
329 1906 361 1930 cc
382 1877 663 1962 prosperas
685 1879 833 1961 apud
851 1879 1188 1938 Bebriacum
1214 1900 1299 1939 res
1312 1925 1335 1952 ,

50 1983 158 2019 :oac
200 1982 381 2020 morte
423 1963 672 2021 Othonis
713 1959 1010 2020 concidisse
1055 1960 1271 2021 bellum
1290 1991 1337 2021 ω,

52 2045 282 2126 accepit.
328 2044 545 2105 Vocata
575 2045 846 2105 concione
870 2093 886 2118 ‚
923 2045 1193 2105 virtutem
1220 2046 1332 2104 mi-

50 2125 216 2186 litum
240 2126 496 2187 laudibus
521 2127 786 2189 cumulat.
831 2128 1145 2188 Postulante
1174 2151 1333 2191 exer-

51 2210 165 2268 citu
187 2257 204 2281 ‚
236 2228 289 2262 ‘cc
310 2233 368 2270 ut
410 2211 676 2272 libertum
727 2211 888 2272 suum
912 2261 928 2285 ‚
972 2211 1282 2272 Asiaticum
1312 2261 1332 2286 ‚

47 2321 84 2347 a>
97 2295 329 2372 equestri
350 2295 623 2377 dignitate
643 2297 880 2356 donaret
899 2326 931 2350 σο
945 2343 960 2367 ,
977 2296 1330 2356 inhonestam

49 2375 433 2436 adulationem
452 2378 775 2463 compescit.
793 2381 948 2440 Dein
967 2427 984 2453 ,
1009 2379 1329 2438 mobilitate

46 2457 261 2540 ingenii
295 2507 312 2531 ,
366 2462 520 2539 quod
569 2463 754 2546 palam
803 2464 1074 2523 abnuerat
1105 2508 1122 2533 ,
1177 2463 1327 2521 inter

47 2538 252 2604 secreta
298 2543 541 2606 convivii
588 2546 820 2632 largitur
854 2572 867 2606 ε
916 2545 1327 2627 honoravitque

989 2631 1025 2688 F
1074 2633 1132 2709 llj
