1637 2928
241 146 791 188 H1ST0R1ARUM
840 129 988 187 Lm.
1029 127 1134 186 ΙΙΙ.
1224 150 1333 204 213

56 228 410 293 ¹'Vitellianos
456 248 670 287 temere
720 225 918 285 effusos
960 252 978 285 ·:
1045 249 1212 307 atque
1263 225 1348 285 illi
1368 245 1560 284 ΞΕ

67 315 507 374 consternantur.
532 310 814 368 Antonius
837 310 1034 369 instare
1060 310 1346 391 perculsi3‚
1368 308 1416 346 A.
1441 307 1489 343 U·
1510 303 1559 345 C.

73 401 311 457 sternere
339 394 551 452 obvios.
601 390 781 449 Simul
818 393 1025 463 ceteri,
1064 414 1124 450 ut
1149 395 1348 473 cuique
1413 382 1521 424 8²²·

70 480 367 563 ingenium
381 523 396 548 ,
411 474 645 558 spoliare
663 522 679 545 ‚
701 496 896 558 capere
913 524 930 548 ‚
949 498 1104 533 arma
1120 523 1136 547 ,
1155 475 1350 556 equos·
1410 461 1466 571 δ’ὁ
1478 458 1531 501 Q

73 586 186 646 que
211 562 488 643 abripere:
516 566 574 618 &
599 560 764 617 exciti
788 557 1048 640 prospero
1070 559 1347 632 clamore,
1471 537 1521 589 9³

77 647 177 729 qui
200 645 375 704 modo
398 666 494 723 per
516 664 674 724 agros
700 640 831 725 fuga
851 643 1181 724 palabantur
1199 690 1216 716 ‚
1241 646 1356 710 vic<

77 731 232 791 toriae
257 728 310 787 se
340 725 664 785 miscebant.

164 814 380 874 XVIII.
418 810 510 868 An
539 828 801 889 quartum
834 831 865 866 a
895 808 1187 868 Cremona
1217 810 1363 893 lapi—f

81 898 258 966 dem,
307 890 506 951 fulsere
548 892 845 973 legionum
890 890 1041 974 figna
1066 941 1082 965 ,
1125 895 1362 974 Rapacis

4 996 7 997 ’
80 999 251 1059 atque
286 975 485 1035 Italicae
507 1022 523 1047 ‚
564 975 688 1034 laeto
718 976 864 1035 inter
900 976 1062 1034 initia
1100 980 1361 1058 equitum

83 1061 312 1123 suorum
339 1059 535 1142 proelio
557 1106 573 1131 ‚
600 1059 729 1118 illuc
752 1058 922 1141 usque
949 1067 1226 1142 provecta.
1251 1061 1362 1121 Sed

81 1145 185 1207 ubi
214 1143 439 1204 fortuna
465 1143 657 1203 contra
680 1141 786 1202 fuit
809 1192 826 1216 ,
862 1167 977 1201 non
1003 1144 1183 1204 laxare
1207 1146 1363 1204 or'di-

86 1253 187 1291 nes
204 1278 221 1303 ‚
259 1252 376 1288 non
400 1228 645 1312 recipere
671 1227 920 1287 turbatos
939 1275 956 1300 ,
994 1251 1110 1286 non
1138 1228 1366 1289 obviam

87 1315 170 1374 ire
194 1347 211 1386 ‚-
252 1312 512 1394 ultroque
558 1311 793 1395 adgredi
842 1311 1061 1372 hostem
1082 1360 1100 1386 ,
1146 1334 1369 1372 tantum

89 1419 191 1480 per
223 1395 461 1478 spatium
504 1394 659 1454 cursu
697 1404 755 1456 &
787 1396 1092 1479 pugnando
1122 1393 1369 1468 fessum:

0 1506 1 1510 ¹
66 1479 238 1541 -forte
270 1480 403 1538 victi
425 1526 442 1551 ,
475 1479 626 1538 haud
651 1479 885 1560 perinde
914 1479 1076 1539 rebus
1101 1479 1374 1562 prosperis

93 1564 301 1623 ducem
327 1562 772 1623 desideraverant
796 1612 812 1637 ,
857 1584 1023 1645 atque
1049 1565 1109 1622 in
1137 1563 1376 1628 adversis

0 1675 6 1710 :
86 1645 280 1708 deesse
329 1647 741 1729 intelligebant.
826 1649 1141 1709 Nutantem
1193 1649 1376 1708 aciem

2 1731 6 1749 ²
81 1732 275 1793 *aristot
312 1732 590 1812 equitatus
637 1729 877 1790 incursat
915 1757 928 1790 :
970 1741 1028 1793 δε
1057 1733 1378 1815 Vipstanius

97 1813 339 1876 Messala
358 1862 374 1886 ,
409 1815 662 1874 tribunus
679 1862 696 1887 ‚
721 1839 851 1873 cum
875 1815 1123 1874 Moesicis
1148 1814 1381 1882 auxilia-

100 1897 252 1958 ribus
275 1894 596 1979 adsequitur
618 1945 634 1970 ‚
667 1921 806 1978 quos
839 1897 1052 1956 militia:
1089 1896 1264 1979 gloria
1303 1897 1380 1958 le-

105 1982 368 2067 gionariis
409 2030 424 2054 ,
489 2003 837 2061 quamquam
888 1982 1094 2065 raptim
1149 1981 1345 2040 duc‘tos
1363 2028 1382 2054 ,

101 2064 374 2146 Aaequabat.
440 2067 524 2122 Ita
575 2064 780 2122 mixtus
834 2065 1004 2147 pedes
1061 2062 1340 2146 equesque
1363 2113 1384 2140 ,

103 2170 301 2231 rupere
348 2147 642 2228 legionum
687 2170 911 2228 agmen.
967 2150 1034 2206 Et
1072 2149 1385 2230 propinqua

100 2230 582 2291 Cremonensium
605 2231 816 2290 moenia
838 2280 854 2304 ‚
889 2235 1102 2312 quanto
1129 2232 1249 2314 plus
1272 2232 1386 2315 spei

106 2313 182 2374 ad
205 2312 476 2396 effugium
499 2363 516 2387 ,
552 2316 711 2373 tanto
739 2315 1026 2375 minorem
1050 2315 1123 2375 ad
1147 2315 1412 2394 refistenf,

109 2397 254 2457 dum
290 2398 544 2456 animum
579 2398 807 2458 dabant.

197 2482 361 2540 XIX.
413 2482 467 2538 N
481 2503 508 2538 Ε
527 2505 558 2538 c
609 2480 893 2541 Antonius
947 2481 1090 2541 ultra
1142 2480 1339 2541 institit
1369 2498 1390 2555 3

102 2585 338 2650 ,memor
361 2561 565 2628 laboris
589 2588 652 2624 ac
678 2564 976 2626 vulnerum
998 2612 1016 2639 ,
1043 2564 1244 2647 quibus
1270 2586 1392 2633 tam
