1659 2928
284 156 850 198 nxsronxAmJM
904 137 1147 198 NoTAE.
1248 157 1367 216 527

78 235 185 288 Piso
207 276 221 299 ,
252 254 518 303 eommotus
542 239 603 286 est
619 237 832 286 Tiberius
848 276 860 299 ,
889 243 933 286 δε
954 241 1246 306 propinquos
1267 238 1366 298 ejus

80 303 312 370 impulit,
355 319 403 352 ut
449 303 687 353 abeuntem
730 303 997 355 auelorirate
1039 305 1111 355 vel
1150 300 1366 368 precibus

83 384 311 420 tenerent.
350 370 501 436 Supra*
533 369 708 424 Annal.
734 369 813 431 ΙΙ,
848 386 924 434 34.

144 499 277 549 car.
303 482 490 551 XLIV.
529 497 723 549 Obviam
757 499 885 549 itum.
924 497 1237 553 Clementiam
1267 499 1370 550 suas

84 566 295 616 dentibus
329 565 607 622 Domitiano
640 573 685 614 ὃ(
716 566 957 615 Muciano·

152 629 468 694 Interfecerat.
502 632 622 688 Rem
647 632 783 688 fufius
817 648 1047 689 narratam
1070 630 1173 681 vide
1194 631 1371 681 Annal.

86 697 209 747 XIII
230 736 244 760 ²
275 716 358 758 44·

151 763 389 831 Sosianus.
427 763 650 817 Antistius
686 764 901 816 Sosianus
924 802 936 824 ,
967 763 1179 816 fafititatis
1202 764 1250 810 in
1268 762 1375 812 Ne'-

90 847 257 879 ronem
281 831 555 880 carminibus
576 831 806 897 probrosis
825 870 839 893 ,
877 831 990 879 olim
1019 828 1173 876 exsilio
1197 830 1374 878 multa-

91 911 176 946 tus.
207 897 358 964 Suprci
387 899 561 946 Annal.
584 897 724 960 XIV,
754 902 834 958 48.
869 903 914 955 ,δε
944 894 1101 957 XVI,
1142 913 1215 955 14.

158 1027 284 1079 CAP.
303 1026 466 1078 XLV.
486 1026 796 1093 Pulsatumfi’.
815 1027 998 1095 Digest.
1024 1026 1127 1074 libr.
1152 1024 1377 1088 XLVII,

86 1095 190 1155 Tit.
219 1113 276 1144 10
295 1133 310 1156 ,
344 1094 465 1162 Leg.
489 1109 510 1155 5
536 1134 549 1157 ‚
583 1112 637 1142 ex
662 1093 894 1160 Ulpiano.
933 1092 1060 1142 Inter
1080 1092 1376 1157 pulsationem

96 1160 148 1212 &⁶
172 1160 531 1210 verberationem
555 1161 636 1210 hoc
660 1160 841 1228 interest
862 1200 878 1223 ,
909 1178 957 1209 uc
982 1157 1151 1226 Ofilius
1166 1158 1332 1223 scribit
1355 1181 1372 1208 :

94 1226 355 1342 {elrberare
383 1226 443 1295 est
463 1267 482 1294 2
517 1243 616 1284 cum
637 1225 790 1277 dolore
815 1225 1019 1277 caeclere:
1048 1225 1224 1293 pulsare
1243 1223 1379 1293 ,stne

132 1311 154 1343 o
177 1311 269 1344 ore.

162 1359 221 1410 In
256 1358 435 1411 colonici
468 1358 677 1426 Senensi.
719 1358 862 1408 Nunc
883 1358 1058 1409 Sienne
1081 1376 1134 1409 en
1154 1354 1379 1423 Toscane.

161 1425 202 1476 S
205 1443 484 1488 upremorum
522 1427 788 1493 imaginem.
843 1425 1081 1474 Funerum
1120 1427 1381 1541 imaginem

98 1491 306 1606 praesgnti
335 1493 445 1556 fibi,
482 1500 528 1551 βε
563 1510 801 1565 tamquam
835 1492 1052 1542 defuncto
1075 1531 1087 1555 ,
1124 1491 1189 1540 fui
1228 1512 1252 1542 e
1285 1496 1382 1542 cir-

103 1576 206 1608 culn
243 1576 329 1608 ata·

157 1623 463 1676 'Jacerentun
497 1624 569 1675 Ut
591 1624 823 1692 intelligas
855 1623 947 1692 qua
979 1640 1073 1674 arte
1101 1663 1113 1685 ,
1144 1622 1236 1692 quit
1266 1623 1384 1674 dili-

104 1692 258 1760 gentia
277 1732 289 1753 ,
325 1692 418 1761 qua
440 1692 658 1742 brevitate
687 1692 784 1739 haec
809 1689 1035 1740 accusatio
1065 1689 1114 1740 fit
1147 1691 1350 1757 exposita
1368 1734 1384 1757 ,

103 1759 208 1807 vide
237 1758 414 1825 Digest.
447 1758 549 1805 libr.
571 1757 814 1818 XLVIII,
845 1756 945 1805 Tit.
974 1776 1049 1806 10.
1083 1757 1165 1805 De
1198 1758 1386 1822 injuriis
1463 1768 1466 1769 ⁷

107 1823 160 1874 ἓν
181 1824 372 1890 famosis
394 1822 572 1872 libellis,
609 1823 729 1890 Leg.
760 1841 777 1870 1
808 1829 853 1870 ὃς
875 1821 1002 1891 seqq.
1037 1823 1207 1890 Agitur
1226 1824 1282 1873 de
1308 1828 1388 1873 in-

106 1892 222 1954 iuria
243 1930 255 1951 ‚
287 1888 401 1956 quod
423 1890 528 1953 jure
562 1888 611 1938 &³
636 1889 811 1957 justitici
844 1905 986 1940 caret.
1036 1888 1186 1939 Atrox
1217 1891 1279 1938 est
1306 1895 1388 1940 in-

108 1959 256 2021 juria,
283 1954 478 2023 persona
497 1956 744 2005 senatoris:
777 1957 1004 2017 atrocior,
1039 1973 1140 2022 quae
1174 1956 1223 2005 in
1258 1958 1390 2023 cons-

107 2023 236 2086 peetu
267 2039 481 2091 coetuque
510 2022 811 2071 multitudinis
834 2061 847 2084 ‚
877 2029 922 2070 &
941 2023 1163 2072 mandatu
1181 2022 1390 2094 jussuque

111 2091 474 2157 magistratuum.
505 2089 679 2152 Injuria
697 2089 824 2138 illata
845 2106 894 2138 re
912 2128 926 2151 ‚
955 2089 1085 2156 quod
1108 2089 1304 2156 pulsatus
1327 2094 1392 2142 est

111 2155 335 2206 Patruitus
354 2176 364 2205 ε
391 2162 434 2204 &
454 2157 558 2223 lege
575 2156 797 2205 Cornelia
818 2154 873 2203 de
891 2157 1069 2219 injuriis
1088 2157 1218 2205 datur
1237 2160 1360 2208 afflo
1374 2197 1392 2222 ‚

100 2221 242 2290 -quod
266 2223 366 2288 quis
390 2221 689 2289 pulsatussit.
727 2222 859 2271 Illata
880 2239 1069 2292 quoque
1092 2222 1241 2273 verbis
1262 2227 1393 2290 inju-

115 2291 183 2338 ria
199 2328 211 2350 ,
232 2288 360 2356 quod
378 2289 550 2338 fastum
572 2289 621 2338 sit
645 2291 906 2339 convicium
925 2292 1118 2356 planetu
1137 2329 1149 2350 ,
1179 2291 1394 2342 lamentis

116 2361 163 2403 &
205 2354 520 2420 supremorum
562 2358 782 2426 imagine.
852 2354 959 2405 Fuit
997 2363 1043 2405 &
1084 2359 1392 2420 contumelia,

114 2421 242 2470 fuere
272 2422 456 2487 probra.
497 2424 671 2485 Injuria
704 2422 826 2471 faita
862 2425 1060 2487 pertinet
1096 2421 1153 2471 acl
1191 2438 1351 2484 corpus·
1372 2464 1391 2487 ‚

114 2487 178 2538 ad
215 2485 517 2554 dignitatem,
554 2507 640 2537 nec
674 2491 723 2537 in
753 2488 1008 2537 senatorem
1038 2506 1181 2536 unum
1201 2527 1214 2550 ‚
1244 2487 1392 2551 sedin

116 2553 322 2607 senatum
350 2554 605 2603 universum
633 2554 870 2602 redundat.

123 2651 126 2654 ·
185 2619 393 2688 Cyrenen
382 2619 528 2690 fibus.
543 2619 877 2672 Accusantibus
894 2619 1246 2692 Cyrenensibus.
1257 2621 1395 2672 Alios
