1670 2961
332 159 932 201 His-roruARuM
989 139 1152 200 L113.
1194 141 1239 202 I.
1357 143 1426 222 85

160 237 379 320 'mquam
414 239 750 301 seditionem
785 247 844 298 δε
870 237 1208 301 discordiam
1229 287 1247 312 ‚
1276 261 1436 324 opta-

1451 262 1644 292 6===

161 321 392 383 nabunt?
426 347 496 383 ne
533 322 696 381 miles
736 322 1094 394 centurioni,
1130 346 1202 382 ne
1241 345 1436 384 centu·
1455 321 1644 364 A.U.C.

162 406 293 463 :urio
346 405 572 465 tribuno
617 402 952 486 obsequatur
999 428 1012 462 ε
1055 404 1185 463 hinc
1226 406 1438 467 confusi

162 515 198 539 ω
207 486 422 569 pedites
451 487 776 572 equitesque
802 535 818 560 ‚
849 489 909 546 in
936 488 1171 548 exitium
1201 510 1439 550 ruamus.
1494 467 1530 506 J'

159 572 461 631 aoParendo
505 574 688 656 potius
711 621 729 646 ,
772 570 1194 631 commilitones
1217 617 1234 643 ,
1267 573 1442 653 quam

159 654 443 738 wimperia
486 659 696 715 ducum
744 653 1071 714 sciscitando
1096 701 1112 727 ,
1161 677 1245 715 res
1289 657 1444 716 mili-

158 757 347 798 ·»tares
382 741 744 799 continentur
769 762 781 795 :
805 746 862 797 δε
884 736 1208 796 fortissimus
1235 739 1295 797 in
1324 740 1443 823 ipso

160 819 527 882 :sodiscrimine
564 821 834 882 exercitus
875 822 949 880 est
973 867 990 892 ‚
1028 822 1127 901 qui
1161 842 1291 882 ante
1330 823 1445 882 dis-

157 903 421 965 »crimen
483 905 868 987 quietiffimuS.
933 905 1118 965 Vobis
1178 926 1335 965 arma
1385 916 1445 968 δεῖ

154 988 420 1049 »animus
452 988 517 1049 fit
543 1014 555 1048 z
597 989 742 1048 mihi
774 986 1102 1062 consilium,
1131 997 1188 1048 &
1223 990 1444 1052 virtutis

153 1071 338 1131 vestrae
406 1073 663 1156 regimen
734 1071 1055 1152 relinquite.
1127 1075 1442 1136 Paucorum

154 1153 318 1239 culpa
365 1154 474 1216 fuit
515 1205 533 1230 ,
581 1156 824 1224 duorum
875 1178 1041 1237 poena
1079 1155 1202 1216 erit.
1247 1159 1446 1219 Ceteri

151 1239 423 1300 :nabolete
468 1239 810 1299 memoriam
863 1237 1171 1296 foediffimae
1220 1243 1438 1302 nodkis:

155 1345 304 1383 aonec
349 1323 475 1383 illas
522 1322 782 1383 adversus
808 1320 1065 1381 senatum
1096 1345 1261 1382 voces
1293 1324 1439 1386 ullus

150 1429 447 1490 :unquam
482 1407 752 1467 exercitus
789 1406 994 1466 audiat.
1026 1407 1216 1488 Caput
1248 1408 1434 1491 impe-

147 1491 261 1548 :orii
288 1539 306 1564 ,
347 1501 405 1552 &
432 1492 636 1552 decora
672 1491 934 1551 omnium
969 1491 1386 1573 provinciarum
1415 1514 1439 1567 ,·

149 1574 268 1634 mad
317 1599 546 1659 poenam
592 1597 792 1637 vocare
823 1624 840 1648 ‚
900 1597 1018 1634 non
1063 1574 1252 1635 hercle
1298 1576 1384 1636 illi
1412 1625 1433 1651 ‚

149 1682 335 1740 :oquos
397 1659 530 1720 cum
584 1660 830 1720 maxime
893 1657 1161 1720 Vitellius
1213 1659 1274 1718 in
1328 1684 1434 1722 nos

148 1744 306 1803 societ
328 1791 346 1817 ‚
397 1746 674 1806 Germani
705 1743 964 1804 audeant.
1025 1742 1222 1803 Ulline
1261 1744 1439 1805 Italiae-

150 1826 410 1886 ”alumni
433 1876 450 1901 ,
490 1838 546 1890 &
575 1831 838 1888 Romana
873 1828 1000 1888 vere
1026 1834 1284 1908 juventus
1307 1876 1324 1901 ‚
1356 1829 1430 1889 ad

147 1908 522 1993 aesanguinem
568 1921 627 1972 δε
675 1911 886 1971 caedem
937 1909 1303 1993 deposcerent
1342 1935 1433 1972 or-

144 1993 387 2054 :ndinem
411 2043 429 2069 ,
460 2002 612 2076 cujus
642 1993 937 2078 splendore
963 2003 1020 2054 &
1055 1993 1232 2076 gloria
1254 2043 1272 2068 ,
1312 1994 1429 2055 sor-

144 2075 288 2137 mdes
319 2087 378 2138 &
414 2078 814 2139 obscuritatem
843 2076 1283 2140 Vitellianarum
1306 2103 1429 2163 par-

144 2161 333 2220 „tium
371 2164 788 2246 perstringimus
820 2168 842 2224 ?
900 2163 1171 2223 Nationes
1212 2162 1425 2246 aliquas

147 2248 481 2329 moccupavit
511 2246 778 2309 Vitellius
807 2295 823 2320 ‚
869 2247 1183 2330 imaginem
1220 2272 1424 2330 quam-

146 2328 324 2387 :odam
355 2331 623 2391 exercitiis
655 2332 825 2392 habet
850 2330 1100 2393 :senatus
1126 2331 1421 2392 nobiscum

149 2413 284 2471 mest.
325 2413 410 2472 Sic
462 2415 523 2475 fit
550 2464 568 2489 ,
612 2437 674 2476 ut
714 2416 846 2476 hinc
895 2415 1240 2499 respublica,
1284 2416 1437 2477 inde·

151 2496 367 2556 »hostes
419 2499 735 2581 reipublicae
792 2500 1154 2560 constiterint.
1215 2498 1417 2574 Quid?

139 2602 287 2644 *vos
340 2580 780 2665 pulcherrimam
819 2585 962 2644 hanc
1001 2582 1225 2644 Urbem
1248 2629 1266 2656 2
1316 2583 1420 2662 do?

1497 394 1606 436 822·

1510 538 1589 588 692
