1714 2961
319 200 393 256 14
509 181 580 243 C.
625 182 1062 245 CORNEL11
1108 173 1426 250 TAcmt'

93 297 289 339 Ξ
309 280 547 342 Acceffit
561 283 753 344 Galbae
775 309 1003 380 voxpro
1024 287 1305 370 republica
1328 289 1588 363 honesta,

96 352 146 395 A.
167 357 214 397 U.
235 361 287 405 C.
310 366 330 422 i

138 426 243 473 822.

126 499 164 543 J.
204 505 255 547 C·

106 578 111 582 ’
138 576 222 628 69.

332 364 410 447 psi
456 389 655 450 anceps
680 416 697 441 ‚
747 369 906 453 cclegi
945 396 976 430 a
1023 371 1078 433 se
1128 372 1373 432 militem
1400 421 1415 445 ‚
1465 397 1581 432 non

307 450 469 510 »emi
483 481 542 512 ο).
562 453 618 511 N
623 476 685 513 ec
706 454 862 513 enim
882 455 953 515 ad
973 457 1115 516 hanc
1135 454 1381 516 formam
1401 477 1587 516 cetera

309 556 484 595 erant.

387 620 494 679 VI.
553 620 917 686 INVALmUM
966 618 1160 681 senem
1208 624 1283 681 T.
1331 623 1534 683 Vinius
1559 666 1584 694 ,

304 709 363 762 &
381 702 684 763 Cornelius
700 704 850 764 Laco
873 752 890 777 ,
914 703 1053 764 alter
1073 706 1407 765 deterrimus
1431 729 1585 765 mor-

302 784 546 863 talium,
585 786 723 847 alter
778 788 1152 871 ignavissimus
1177 838 1194 862 ,
1239 790 1374 848 odio
1420 790 1582 872 flagi-

304 869 515 929 tiorum
568 872 878 932 onerabant
915 922 932 946 ,
985 895 1317 956 contemptu
1366 874 1581 933 ine'rtiae

299 951 677 1015 destruebant.
754 958 1013 1016 Tardum
1070 957 1262 1016 Galbae
1316 959 1421 1017 iter
1451 1005 1467 1030 ‚
1522 966 1582 1018 δε

296 1058 601 1098 cruentum
618 1087 635 1111 ,
660 1040 969 1101 interfecstis
988 1042 1282 1124 Cingonio
1298 1043 1586 1115 Varrone,

299 1120 524 1182 consule
554 1122 841 1206 defignato
861 1174 878 1198 ,
910 1134 968 1184 δε
1001 1126 1265 1184 Petronio
1293 1125 1581 1208 Turpilia-

296 1227 377 1264 no
395 1253 411 1278 ,
451 1204 725 1266 consulari
750 1233 762 1266 ε
794 1208 891 1270 ille
920 1230 980 1268 ut
1003 1208 1339 1291 Nymphidii
1365 1207 1541 1268 socius
1558 1256 1577 1283 ,

298 1288 389 1348 hic
419 1310 481 1348 ut
504 1290 615 1349 dux
639 1292 882 1353 Neronis
904 1340 921 1366 ‚
959 1292 1200 1351 inauditi
1223 1315 1391 1374 atque
1412 1292 1579 1353 inde-

294 1369 438 1433 fenfi
472 1420 488 1446 ‚
548 1395 841 1456 tamquam
900 1376 1230 1436 innocentes
1280 1377 1583 1459 perierant,

298 1457 567 1517 Introitus
593 1457 654 1517 in
682 1460 906 1520 Urbem
930 1508 948 1533 ,
989 1460 1276 1519 trucidatis
1299 1480 1385 1519 tot
1408 1460 1577 1518 milli-

297 1540 400 1600 bus
424 1541 732 1602 inermium
757 1543 1037 1618 militum‚
1061 1542 1323 1603 infaustus
1349 1544 1577 1617 omine,

296 1644 466 1706 atque
493 1626 618 1709 ipfis
648 1629 820 1688 etiam
850 1677 866 1700 ‚
914 1629 1012 1709 qui
1050 1628 1373 1706 occiderant
1397 1677 1414 1700 ‚
1456 1627 1575 1687 for-

295 1709 623 1771 midolosus.
662 1711 898 1772 Indtttsta
919 1712 1144 1796 legione
1169 1711 1413 1795 Hispana
1436 1759 1453 1785 ‚
1486 1735 1579 1771 re⁶

295 1815 565 1855 manente
598 1795 699 1869 ea,
751 1820 924 1878 quam
963 1820 994 1856 e
1039 1793 1199 1856 claffe
1237 1798 1392 1855 Nero
1437 1819 1576 1854 con-

293 1874 581 1959 scripserat
607 1928 625 1952 ,
668 1879 834 1962 plena
861 1879 1012 1939 Urbs
1039 1880 1284 1940 exercitu
1311 1878 1573 1938 insolito:
1612 1955 1613 1958 Ἴ

296 1961 465 2020 multi
488 1962 559 2021 ad
588 1964 696 2022 hoc
723 1964 948 2024 numeri
974 1987 1002 2024 e
1034 1962 1341 2023 Germania
1364 1987 1425 2023 ac
1449 1963 1576 2021 Bri-

298 2045 489 2104 tannia
519 2094 537 2118 ,
586 2054 644 2106 &
689 2046 913 2125 Illyrico
944 2095 961 2120 ‚
1010 2070 1151 2128 quos
1203 2047 1360 2106 idem
1416 2047 1573 2105 Nero

293 2127 501 2190 eleetos
531 2130 939 2213 praemiffosque
974 2132 1047 2190 ad
1084 2129 1310 2190 claustra
1346 2128 1573 2213 Caspia-

294 2234 422 2272 rum
445 2261 463 2286 ,
499 2222 554 2274 ὃ(
581 2214 798 2274 bellum
821 2265 837 2288 ,
872 2215 1028 2296 quod
1053 2213 1113 2272 in
1140 2214 1392 2276 Albanos
1418 2236 1571 2297 para-

295 2292 390 2356 bat
415 2345 431 2370 ‚
480 2299 866 2381 opprimendis
891 2298 1153 2360 Vindicis
1184 2298 1377 2381 coeptis
1407 2320 1572 2358 revo-

295 2403 511 2442 caverat
536 2407 549 2440 :
588 2382 785 2466 ingens
815 2383 972 2442 novis
1000 2380 1161 2441 rebus
1194 2382 1427 2440 materia
1452 2430 1470 2455 ,
1508 2402 1572 2441 ut

295 2488 411 2525 non
438 2466 497 2524 in
529 2490 705 2526 unum
735 2468 983 2550 aliquem
1017 2488 1196 2551 prono
1222 2463 1412 2526 favore
1435 2513 1453 2539 ,
1488 2466 1568 2524 ita

301 2549 528 2613 audenti
563 2573 767 2633 parata.

375 2635 513 2702 Vn.
562 2637 600 2696 F
617 2658 653 2696 o
673 2658 799 2698 RTE
846 2654 1178 2720 congruerat
1199 2680 1219 2710 ‚
1241 2654 1324 2700 „ut
1366 2630 1568 2695 Clodii
