1714 2961
54 249 247 279 Q

57 311 250 353 A„15.C.

111 388 220 430 822.

95 465 219 506 J.(L

120 542 200 590 69.

266 144 346 198 44
457 122 529 181 C.
574 124 1025 184 Corin-‚3111
1072 128 1379 189 TAC11'1

269 222 492 283 Urbem
544 222 715 305 usque
768 225 1150 287 resonantibus
1190 274 1208 301 ,
1266 226 1544 312 egressum

270 307 499 366 interim
529 308 774 368 Galbam
796 357 813 382 ,
851 320 909 370 &
936 309 1061 369 foro
1092 315 1546 395 appropinquari--¹

270 411 389 450 tem
407 438 424 463 ,
448 387 714 452 assecutus
738 414 854 453 erat
879 418 892 451 t
920 401 1035 475 jam
1060 396 1278 454 Marius
1303 394 1500 455 Celsus
1524 441 1543 466 ‚

270 474 421 534 haud
447 473 569 534 laeta
600 475 863 535 retulerat
889 500 901 533 ε
939 476 1070 535 cum
1098 478 1230 551 alii,
1263 479 1366 536 «in
1392 478 1547 561 pala-

271 588 305 612 ω
318 558 463 617 tium
481 558 663 617 redire
677 588 739 632 20,
757 557 1258 642 aliioeCapitolium
1281 581 1469 642 petere
1483 590 1546 634 πο,

272 641 526 724 plerique
560 662 599 693 oc·
615 643 784 702 rostra
817 643 1191 726 occupanda»
1223 642 1510 724 censerent
1530 691 1549 716 ,

271 724 455 808 plures
512 725 735 785 tantum
784 722 1071 786 sententiis
1121 725 1363 785 aliorum
1413 749 1550 785 con-

272 807 612 869 tradicerent
638 855 655 881 ‚
693 828 867 889 utque
894 810 1080 870 evenit
1103 809 1163 868 in
1194 808 1432 868 consiliis
1461 810 1551 868 in—

277 889 535 951 felicibus
568 939 586 964 ,
627 893 844 975 optima
889 893 1211 952 viderentur
1238 939 1255 965 ,
1307 914 1551 974 quorum

276 995 499 1057 tempus
523 973 810 1056 effugerat.
858 974 1106 1059 Agitasse
1131 979 1280 1035 Laco
1301 1023 1319 1048 ,
1354 977 1552 1057 ignaro

278 1057 462 1117 Galba
486 1106 503 1130 ,
537 1058 608 1116 de
648 1058 964 1117 occidendo
994 1061 1068 1118 T.
1093 1059 1271 1119 Vinio
1309 1059 1513 1119 dicitur
1535 1108 1554 1133 ,

278 1140 388 1202 five
418 1162 478 1200 ut
513 1140 676 1224 poenal
713 1149 827 1221 ejus
864 1143 1082 1200 animos
1121 1141 1371 1200 rnilitum
1405 1142 1557 1201 mul-

279 1246 432 1285 ceret
456 1274 473 1298 ,
519 1223 613 1285 seu
643 1224 928 1284 conscium
957 1226 1208 1285 Othonis
1252 1225 1514 1286 credebat
1535 1274 1553 1301 ‚

276 1309 351 1369 ad
373 1311 716 1389 postremum
738 1309 827 1369 vel
847 1309 999 1370 odio,
1017 1308 1435 1369 Haefitationem
1458 1309 1554 1369 ad·-

280 1392 411 1453 tulit
436 1413 655 1475 tempus
684 1416 745 1451 ac
769 1393 922 1452 locus
945 1435 962 1464 ,
1002 1394 1133 1475 quia
1155 1440 1172 1465 ,
1203 1393 1364 1452 initio
1396 1394 1557 1453 caedis

279 1496 407 1535 orto
429 1523 446 1549 ,
474 1474 717 1535 difficilis
745 1477 947 1535 modus
970 1502 981 1534 :
1018 1486 1075 1538 δε
1100 1475 1391 1536 turbavere
1418 1500 1556 1537 con-

279 1559 464 1619 filium
515 1559 720 1642 trepidi
767 1560 951 1621 nuntii
987 1607 1004 1632 ,
1056 1584 1118 1619 ac
1168 1561 1556 1641 proximorum

280 1641 517 1726 diffugia
545 1690 562 1715 ,
601 1644 995 1724 languentibus
1027 1644 1289 1702 omnium
1324 1643 1513 1703 studiis
1537 1691 1557 1717 ,
1645 1672 1647 1675 ’

281 1728 382 1807 qui
415 1727 600 1808 primb
637 1726 841 1788 alacres
875 1727 1051 1786 fidem
1092 1747 1261 1808 atque
1299 1727 1555 1787 animum

281 1812 706 1869 ostentaverant.

363 1892 837 1952 XLAGEBATUR
864 1891 972 1950 huc
996 1890 1130 1951 illuc
1158 1890 1343 1951 Galba
1362 1939 1378 1964 ,
1401 1891 1555 1952 vario

281 1976 455 2034 turbae
478 1976 794 2036 fludtuantis
817 1973 1092 2057 impulsu3
1124 1974 1418 2058 completis
1448 1999 1556 2035 un·-

280 2058 454 2140 dique
481 2058 714 2118 basilicis
745 2082 806 2118 ac
837 2057 1062 2141 templis
1086 2105 1103 2131 ‚
1146 2057 1369 2140 lugubri
1398 2057 1554 2140 pros-

282 2146 447 2225 peru
471 2167 484 2199 :
506 2165 690 2224 neque
715 2140 942 2225 populi,
967 2162 1060 2201 aut
1079 2140 1256 2225 plebis
1277 2140 1390 2199 ulla
1413 2166 1518 2201 vox
1541 2167 1558 2202 t

281 2224 380 2285 sed
405 2227 628 2284 attoniti
654 2226 866 2296 vultus,
897 2233 956 2285 δε
976 2223 1246 2284 conversae
1270 2224 1341 2283 ad
1365 2227 1560 2285 omnia

282 2331 479 2369 aures:
512 2332 630 2368 non
654 2308 926 2369 tumultus
947 2355 966 2380 ,
1001 2332 1116 2366 non
1147 2308 1301 2388 quies
1336 2333 1348 2366 ε
1394 2308 1560 2390 quale

283 2393 480 2475 magni
509 2392 689 2453 metfis
715 2401 773 2452 &
797 2414 1011 2474 magnae
1041 2392 1130 2449 ira:
1156 2390 1437 2450 silentium
1465 2393 1559 2451 est,

285 2475 511 2535 Othoni
537 2497 728 2537 tamen
751 2504 786 2528 ec
804 2474 1007 2534 armari
1033 2474 1262 2557 plebem
1280 2503 1313 2528 20
1340 2474 1565 2533 nuntia-

284 2558 465 2620 batur.
482 2563 570 2621 Ire
585 2555 889 2646 praecipites
906 2605 925 2635 ,
947 2566 1005 2620 δε
1027 2580 1295 2643 occupare
1318 2556 1567 2642 pericula=
