1637 2928
68 294 120 334 A.
140 297 188 334 U.
209 297 257 337 C.

109 365 216 411 822.

95 437 134 478 J.
166 441 216 481 C.

127 510 210 559 69·

276 139 394 179 210
456 115 530 176 C.
575 115 1020 174 CORNELH
1073 115 1390 174 TACITI

277 216 534 300 »campis
582 215 832 277 fuderint
875 216 1274 298 straverintque
1300 264 1317 290 ‚
1362 236 1424 276 ut
1470 230 1565 278 tot·

280 323 670 361 „armatorum
696 300 875 360 millia
891 349 906 373 ‚
930 300 1081 361 velut
1101 323 1234 384 grex
1251 300 1558 376 venalium,
1636 291 1637 334 1

282 416 316 440 ο)
328 384 498 446 exsuli
521 385 778 445 Antonio
803 385 1022 444 donum
1054 385 1338 444 darentur.
1404 387 1561 445 Οᾶο

281 471 602 530 »nimirum
632 469 883 551 legiones
909 470 1070 528 unius
1111 468 1278 528 classis
1304 468 1568 528 acceffio·

283 578 464 614 aonem
489 553 628 612 fore.
670 551 739 610 Id
763 550 921 611 Basso
945 601 962 625 ,
995 552 1056 611 id
1085 553 1319 611 Caecinae
1342 550 1521 611 visum
1541 569 1565 623 ‚'

281 669 316 693 :0
328 640 620 721 postquam
641 636 844 695 domos
858 684 874 709 ‚
891 637 1082 695 hortos
1102 683 1119 707 ,
1138 658 1269 719 opes
1286 684 1302 708 ‚
1320 636 1565 718 Principi

280 721 649 782 naabstulerint
674 769 690 793 ,
732 721 904 780 etiam
942 720 1214 779 militibus
1239 720 1562 802 Principem

283 804 546 865 „auferre
569 853 585 878 ‚
636 804 765 864 licet
803 806 1054 887 integros
1087 801 1517 883 incruentosque
1545 849 1565 874 ‚

284 889 599 949 »Flavianis
638 911 865 970 quoque
908 888 1152 971 partibus
1188 887 1343 947 viles·
1403 885 1564 962 Quid

279 974 571 1033 „dicturos
591 971 1005 1056 reposcentibus
1029 992 1124 1032 aut
1144 970 1402 1055 prospera
1420 1017 1438 1043 ,
1469 988 1566 1029 aut

285 1055 638 1117 madversaae?

379 1143 542 1203 XIV.
580 1142 742 1199 HAEc
777 1136 1010 1222 singuli,
1050 1138 1163 1197 haec
1193 1135 1430 1197 universi
1452 1183 1469 1208 ,
1506 1156 1570 1198 ut

289 1247 577 1310 quemque
605 1223 768 1282 dolor
798 1223 1098 1306 impulerat
1117 1270 1133 1295 ,
1162 1219 1529 1281 vociferantes
1552 1242 1574 1294 ‚·

287 1311 454 1370 initio
502 1333 534 1367 a
578 1305 774 1389 quinta
823 1306 1047 1390 legione
1097 1327 1221 1364 orto
1255 1353 1272 1378 ,
1319 1303 1570 1389 repositis

288 1392 516 1458 Vitellii
541 1389 881 1474 imaginibus
906 1438 923 1461 ,
965 1389 1149 1449 vincla
1172 1389 1407 1449 Caecinae
1437 1389 1573 1470 inji-

290 1479 445 1537 ciunt
466 1476 731 1535 :Fabium
754 1473 1078 1546 Fabullum,
1101 1474 1306 1553 quintae
1331 1472 1573 1554 legionis

289 1562 542 1643 legatum
558 1607 573 1632 ,
595 1568 651 1620 &
669 1557 916 1617 Caffium
932 1560 1196 1639 Longum
1216 1605 1230 1628 ,
1250 1553 1573 1639 praefectum

289 1648 590 1705 castrorum
613 1691 628 1716 ,
665 1642 831 1701 duces
856 1640 1112 1723 deligunt
1134 1665 1146 1697 ε
1186 1638 1330 1698 forte
1353 1637 1575 1697 oblatos

291 1730 462 1789 trium
504 1728 906 1786 liburnicarum
950 1722 1160 1783 milites
1189 1771 1206 1796 ,
1251 1724 1470 1805 ignaros
1513 1731 1572 1784 &

290 1811 538 1872 insontes
556 1810 865 1870 trucidant:
886 1807 1089 1867 reli&is
1105 1806 1282 1865 castris
1299 1853 1315 1877 ,
1334 1805 1581 1889 abrupto

291 1916 463 1980 ponte
478 1944 495 1968 ,
515 1893 810 1954 Hostiliam
829 1890 1005 1950 rursus
1021 1939 1036 1963 ,
1058 1891 1192 1950 inde
1213 1892 1574 1949 Cremonam

291 1976 575 2064 Pergunt,
617 1998 678 2038 ut
716 1975 1031 2059 legionibus
1067 1975 1259 2058 primae
1284 1973 1487 2032 Italicae
1516 1982 1576 2033 δε

291 2061 721 2123 unietvicefimae
754 2060 963 2142 Rapaci
998 2066 1396 2141 jungerenturt
1436 2078 1574 2135 quas

292 2148 517 2206 Caecina
543 2194 560 2218 ,
608 2145 679 2205 ad
745 2142 1119 2203 obtinendam
1181 2143 1531 2200 Cremonam
1555 2146 1601 2214 ,χ

295 2254 426 2290 cum
452 2251 605 2312 parte
631 2229 887 2309 equitum
912 2223 1262 2309 preemiserat.

375 2315 512 2374 XV.
541 2313 660 2370 Um
689 2312 799 2370 haec
824 2329 1112 2391 comperta
1133 2306 1390 2367 Antonio
1409 2356 1425 2381 ‚
1463 2308 1578 2368 dis-

299 2397 496 2466 cordes
523 2394 725 2454 animis
745 2441 761 2466 ,
798 2391 1061 2452 discretos
1095 2390 1305 2450 viribus
1335 2393 1576 2452 hostium

301 2480 570 2542 exercitus
592 2477 826 2559 adgredi
849 2477 1032 2535 statuit
1052 2523 1067 2548 ‚
1100 2495 1402 2556 antequam
1423 2476 1608 2535 duci-'-

301 2566 404 2625 bus
445 2562 738 2624 auctoritas
773 2609 791 2637 ‚
850 2560 1022 2622 militi
1073 2556 1405 2642 obsequium
1444 2605 1463 2634 2
1518 2567 1609 2622 &r
