1659 2928
322 138 441 195 290
509 119 580 178 C.
621 119 1058 179 CORNELH
1105 106 1454 182 TAc11·1⁷

102 236 296 263 =====
324 220 463 278 dum
489 219 683 278 dedit:
707 243 824 279 non
842 268 858 293 ‚
881 241 942 280 ut
963 219 1216 302 plerique
1237 269 1254 295 ,
1280 244 1341 283 ut
1364 220 1523 281 nomi
1646 224 1659 274 s

97 291 153 334 Α·
172 294 222 330 U'
244 293 293 332 C·
321 303 625 386 magnifico
653 302 821 387 segne
856 307 1040 363 otium
1070 305 1279 364 velaret
1298 355 1315 378 ‚
1357 305 1453 366 sed
1484 295 1636 387 quos.

129 366 250 482 ξιξ
320 387 537 447 firmior
576 387 835 448 adversus
878 387 1110 448 fortuita
1135 437 1152 462 ‚
1189 389 1533 472 rempublica
1600 387 1649 458 ξ

152 463 256 558 29⁶⁶
320 469 648 556 capefferet:
675 472 930 531 do&ores
951 471 1229 555 sapientire
1251 472 1466 533 secutus
1491 474 1565 531 est
1586 481 1659 564 ξξ·

318 559 418 638 qui
448 555 563 614 sola
595 556 746 614 bona
768 602 785 627 ,
826 578 946 636 quae
980 557 1206 615 honesta
1229 604 1246 629 ,
1287 557 1436 615 mala
1475 576 1605 614 tan*
1632 555 1656 615 ξ’(

313 641 439 699 tum
465 686 481 711 ‚
518 661 640 720 quae
676 639 858 721 turpia
887 663 900 696 z
938 640 1253 721 potentiam
1276 687 1293 712 ,
1333 638 1555 700 nobilit

309 741 472 795 tem,
516 743 814 803 ceteraque
869 744 1022 782 extra
1073 723 1366 796 animum,
1413 746 1581 803 nequ
1626 795 1630 797 λ

310 807 477 867 bonis
500 855 518 880 ‚
555 828 742 888 neque
774 806 933 865 malis
960 807 1355 866 adnumerant.
1403 803 1583 883 Quaes]

309 891 484 950 torius
518 891 700 950 adhuc
723 938 740 962 ‚
785 914 816 949 a
841 894 988 949 Paeto
1012 889 1259 950 Thrasea
1292 913 1465 973 gener
1502 889 1594 951 de

309 974 486 1035 lestus
516 1021 532 1045 ‚
576 996 607 1032 e
648 973 900 1033 moribus
942 972 1115 1034 soceri
1156 974 1297 1033 nihil
1343 975 1496 1058 aeque

310 1058 640 1118 libertatem
665 1057 841 1117 hausit
863 1058 1026 1116 :civis
1044 1106 1060 1130 ,
1080 1056 1299 1117 senator
1312 1107 1329 1131 ‚
1348 1059 1577 1118 maritu

309 1164 485 1226 gener
506 1190 523 1215 ‚
549 1143 762 1201 amicus
783 1191 799 1215 ,
821 1142 1034 1202 cunetis
1054 1143 1177 1202 vitae
1206 1139 1403 1201 officiis

308 1225 437 1285 bilis
458 1275 475 1299 ‚
513 1250 689 1310 opum
715 1247 1078 1309 contemptor
1099 1275 1116 1299 ,
1148 1226 1284 1285 reffi
1308 1226 1589 1309 pervicax⁴⁴

309 1313 562 1371 constans
599 1311 859 1370 adversus
892 1333 1093 1370 metus,

405 1397 512 1455 VI.
549 1397 766 1454 ERANT
789 1443 807 1468 ‚
831 1395 1034 1477 quibus
1063 1391 1415 1477 appetentior
1437 1389 1593 1467 fam„v

305 1478 631 1555 videretur3
674 1481 904 1559 quando
933 1480 1107 1538 etiam
1135 1476 1474 1561 sapientibus
1497 1487 1580 1536 cu‘

260 1642 262 1644 ξ
308 1561 446 1646 pido
479 1561 667 1645 gloriae
696 1563 989 1622 novissima
1020 1563 1253 1622 exuitur.
1298 1559 1485 1620 Ruina
1512 1559 1560 1618 s

307 1646 424 1707 ceri
444 1694 461 1719 ,
490 1648 550 1705 in
575 1645 828 1706 exsilium
852 1645 1034 1726 pulsus
1055 1694 1071 1718 ,
1102 1668 1164 1705 ut
1185 1694 1200 1717 ‚
1227 1643 1421 1703 Galbae
1445 1645 1528 1726 pri
1613 1719 1617 1730 Ι

307 1731 495 1813 cipatu
517 1778 533 1802 ‚
571 1729 776 1802 rediit,
809 1728 1155 1788 Marcellum
1177 1728 1408 1811 Eprium
1438 1726 1574 1787 del
1610 1735 1617 1814 J

307 1834 494 1876 torem
534 1812 793 1873 Thraseae
833 1811 1084 1872 accusare
1127 1811 1481 1895 adgreditur.
1530 1811 1582 1879 :ij

306 1898 451 1958 ultio
474 1947 491 1971 ‚
536 1898 817 1958 incertum
844 1904 1027 1978 major
1063 1920 1135 1955 an
1167 1896 1354 1975 justior
1376 1941 1394 1967 ,
1435 1892 1545 1954 sen

308 2003 435 2042 tum
465 1984 524 2041 in
555 1982 730 2043 studia
765 1980 1076 2041 diduxerat.
1123 1980 1274 2039 Nam
1300 1978 1338 2036 fi
1365 1977 1553 2038 cadet

308 2064 621 2128 Marcellus
651 2114 668 2139 ‚
713 2087 919 2149 agmen
962 2087 1189 2125 reorum
1231 2061 1506 2123 sternebat
1537 2058 1572 2123 s

305 2152 500 2211 Primb
523 2151 714 2208 minax
732 2171 1037 2221 certamen,
1059 2157 1116 2208 δε
1137 2146 1374 2230 egregiis
1398 2146 1567 2205 utri

306 2257 419 2314 que
469 2234 816 2292 orationibus
856 2234 1132 2292 testatum.
1198 2231 1381 2303 ΜΟΧ,
1420 2229 1536 2290 du

307 2316 598 2377 voluntate
625 2318 819 2378 Galbae
844 2364 861 2389 ,
904 2316 1094 2377 multis
1130 2312 1450 2373 senatorum

307 2400 662 2484 precantibus
687 2448 704 2473 ,
750 2399 936 2475 omisit
981 2397 1230 2474 Priscus3
1278 2398 1442 2457 variis
1462 2429 1483 2470 ·,
1515 2393 1579 2442 «Ἀ

307 2484 434 2544 sunt
487 2485 786 2544 hominum
844 2484 1072 2565 ingenia
1108 2530 1126 2554 ,
1175 2481 1581 2552 -sermonib'uzfa

312 2568 770 2636 moderationem
795 2567 1148 2635 laudantium
1170 2614 1190 2655 ³,
1219 2586 1314 2628 aut
1336 2565 1567 2626 const*
