1670 2961
259 124 373 176 162
446 114 519 176 C.
568 115 1017 177 Connrrn
1069 118 1368 182 TAcmr

38 217 649 278 =====exstimulator.
698 219 809 278 Sed
853 218 981 277 alias
1026 221 1261 303 protulit
1313 219 1491 284 causas
1506 209 1535 284 ιτ

36 303 90 345 Α·
119 306 164 342 U·
183 305 236 344 C.
256 307 497 384 ackaeque
545 301 767 386 insuper
816 302 1051 363 Vitellio
1107 308 1293 389 gratiae
1323 353 1341 378 ,
1395 331 1537 368 con-

79 375 182 416 822.
251 385 546 447 suetudine
574 385 798 446 servitii.

69 455 201 582 ’ἐξ
359 473 606 530 LXXII.
664 473 830 529 NON
887 469 1031 530 ultra
1089 495 1290 554 paucos
1350 473 1469 533 dies

249 578 603 637 quamquam
629 554 842 612 acribus
870 554 1044 612 initiis
1068 577 1314 638 coeptum
1332 605 1348 630 ‚
1378 522 1537 617 men3

249 640 476 698 dacium
507 637 697 698 valuit.
722 638 1008 697 Exstiterat
1029 640 1265 718 quidam
1290 689 1307 713 ‚
1343 669 1374 692 ct
1397 644 1535 701 Scri-

245 724 605 782 vobonianum
659 720 714 780 se
789 724 1166 782 Camerinum
1199 752 1232 777 ,υ
1306 723 1492 785 ferens
1515 773 1533 798 ‚

254 808 766 866 «Neronianorum
798 826 1123 889 temporum
1163 828 1322 867 metu
1365 809 1420 866 in
1452 804 1535 868 Is-

247 890 397 951 aotria
424 890 767 949 occultatum
793 938 809 961 ‚
849 891 1005 970 quod
1028 891 1144 948 illic
1178 892 1449 950 clientelae
1476 901 1535 952 &
1610 921 1629 967 j

245 976 414 1057 magri
458 996 715 1034 veterum
767 971 1136 1046 Crassorum,
1183 999 1244 1034 ac
1287 976 1536 1035 nominis
1608 984 1633 1053 f]

248 1057 454 1118 »favor
479 1058 744 1116 manebat
766 1086 824 1115 σο.
852 1059 1030 1140 Igitur
1058 1059 1367 1117 deterrimo
1393 1082 1538 1140 quo-
1613 1051 1637 1128 ξ

250 1165 361 1227 que
405 1143 466 1201 in
515 1162 915 1223 argumentum
964 1138 1163 1200 fabulae
1200 1139 1537 1224 adsumptO,
1616 1165 1618 1167 ·

252 1226 451 1310 vulgus
492 1224 826 1298 credulum,
868 1233 926 1285 δε
973 1224 1208 1307 quidam
1252 1225 1537 1302 militum,

257 1332 444 1372 errore
473 1310 588 1370 veri
610 1357 626 1383 ‚
661 1306 754 1368 seu
778 1308 1068 1367 turbarum
1100 1307 1278 1367 studio
1304 1357 1320 1381 ,
1362 1331 1540 1370 certa-

256 1395 365 1455 tim
403 1393 851 1476 aggregabantur
900 1416 913 1450 ε
960 1391 1091 1452 cum
1129 1396 1430 1475 pertractus
1467 1393 1540 1454 ad

257 1477 565 1542 Vitellium
607 1524 624 1550 ‚
683 1474 1165 1556 interrogatusque
1219 1474 1539 1555 “quisnam

256 1561 634 1621 mmortalium
699 1557 833 1619 esset
869 1587 903 1610 π
955 1606 971 1631 ,
1043 1560 1334 1641 postquam
1385 1560 1542 1621 nulla
1615 1555 1651 1630 Ἰ

260 1646 425 1707 dictis
465 1644 604 1704 fides
637 1689 655 1715 ,
699 1651 756 1703 &
806 1665 837 1699 a
884 1640 1124 1701 domino
1170 1641 1543 1720 noscebatur,

262 1729 591 1790 conditione
655 1724 923 1810 fugitivus
965 1775 980 1798 ‚
1044 1727 1278 1786 nomine
1351 1730 1540 1801 Geta,

261 1813 551 1895 sumptum
581 1811 652 1871 de
689 1833 758 1871 eo
792 1808 1126 1893 supplicium
1179 1810 1239 1869 in
1281 1808 1544 1874 servilem

262 1898 524 1957 modum.

344 1983 612 2041 LXXIII.
646 1981 766 2042 V1x
796 1976 1065 2037 credibile
1090 1999 1411 2038 memoratu
1435 1980 1510 2038 est
1522 2027 1542 2053 ‚

259 2087 540 2146 quantum
585 2063 849 2148 superbiae
893 2060 1267 2143 socordiaeque
1303 2062 1543 2123 Vitellio
1606 2096 1631 2124 ,η

261 2149 574 2209 adoleverit
595 2197 611 2221 ‚
635 2150 925 2230 postquam
949 2144 1313 2226 speculatores
1338 2167 1366 2203 e
1392 2146 1544 2224 Syria
1604 2190 1635 2219 .„

263 2233 297 2296 J
303 2232 568 2313 udaeaque
585 2279 602 2304 ,
615 2260 648 2283 cc
667 2232 928 2291 adactum
948 2230 1006 2286 in
1025 2229 1195 2288 verba
1210 2235 1325 2307 ejus
1341 2229 1544 2289 Orien·
1600 2225 1633 2310 {5¹

260 2316 474 2376 moem„
507 2316 850 2374 nuntiavere.
891 2314 1041 2371 Nam
1060 2311 1155 2371 etsi
1179 2313 1330 2395 vagis
1357 2313 1540 2372 adhuc
1609 2390 1612 2397 ι

264 2408 324 2460 &
348 2399 571 2459 incertis
597 2397 912 2456 auctoribus
936 2444 952 2469 ,
995 2417 1110 2455 erat
1138 2417 1328 2456 tamen
1356 2396 1415 2454 in
1442 2419 1540 2457 ore
1595 2390 1625 2481 ᾖ

260 2481 528 2564 famaque
559 2479 924 2561 Vespasianus
955 2526 972 2552 ,
1016 2503 1078 2537 ac
1107 2479 1439 2562 plerumque
1466 2480 1542 2540 ad
1595 2491 1620 2550 ἵε,

261 2588 479 2629 nomen
515 2573 631 2649 ejus
669 2564 934 2627 Vitellius
973 2563 1327 2626 excitabatur.
1384 2565 1550 2630 Tum

1600 2022 1632 2181 deae&
