1659 2928
201 138 750 199 msTomARuM
801 135 956 193 Lm.
1001 133 1101 195 111.
1191 153 1299 213 233

39 235 361 299 'discrimine
400 285 418 311 ‚
463 235 695 296 infamia
743 238 915 294 caruit
939 284 954 307 ‚
1006 236 1522 316 quominus———ss

41 344 229 405 rapere
257 323 494 382 inlicitas
519 318 830 399 voluptates
854 365 870 388 ‚
915 318 1308 400 adulteriisque
1333 313 1380 352 A.
1401 311 1526 397 ΨΟ·

20 429 100 464 -ac
136 407 326 487 stupris
363 402 612 486 polluere
654 399 934 482 hospitum
965 401 1167 460 domus
1197 425 1312 462 cre-
1366 384 1493 497 ξιξ·

36 488 264 573 deretur
304 512 316 545 :
372 485 602 544 aderant
653 485 732 542 vis
756 531 772 556 ,
816 491 874 544 &
927 485 1160 566 pecunia
1181 532 1202 556 ‚.
1253 494 1309 544 &
1395 481 1490 573 259:

37 568 244 631 {uentis
266 567 500 629 fortunae
523 567 813 627 novissima
826 566 1022 626 libido.
1041 567 1311 628 Adventu

37 654 275 714 demum
334 653 592 734 peditum
649 652 1019 732 equitumque
1076 652 1312 734 pravitas

38 736 252 797 consilii
274 737 450 819 patuit
469 783 487 807 ,
514 734 644 815 quia
666 757 767 793 nec
793 734 992 793 vadere
1014 757 1110 813 per
1134 736 1313 795 hostes

40 842 159 880 tam
179 819 342 901 parva
360 841 527 877 manu
544 837 760 899 poterat
779 864 796 888 ‚
820 816 1035 875 etiarnfi
1056 818 1312 878 fidiffima

36 903 185 963 foret
225 950 241 976 ‚
295 925 397 961 nec
444 902 724 982 integram
772 900 946 960 fidem
996 899 1312 961 attulerant.

35 985 222 1045 Pudor
267 1005 498 1055 tamen,
544 992 603 1042 δε
644 981 918 1066 praesentis
959 984 1113 1043 ducis
1159 1007 1312 1044 reve-

36 1068 214 1129 rentia
243 1068 567 1128 morabatur
590 1114 606 1138 ,
632 1067 784 1126 haud,
810 1067 1072 1127 diuturna
1092 1068 1315 1128 vincula

35 1151 184 1234 apud
223 1153 414 1212 avidos
458 1150 833 1234 periculorum
858 1199 874 1224 ,
921 1160 979 1212 &
1019 1151 1312 1211 dedecoris

35 1235 269 1296 securos·
321 1238 402 1297 Eo
443 1255 600 1294 meru
623 1283 639 1307 ,
680 1243 737 1294 &
767 1236 951 1318 paucis
979 1283 995 1308 ‚
1031 1258 1170 1316 quos
1210 1236 1312 1296 ad-

34 1317 187 1379 versa
240 1344 355 1379 non
408 1339 758 1378 mutaverant
797 1366 815 1391 ‚
865 1319 1263 1379 comitantibus
1291 1366 1309 1393 ,

17 1401 291 1462 'cohortes
359 1402 688 1462 Ariminum
764 1404 1049 1484 praemittit
1092 1429 1103 1461 ε
1160 1403 1312 1463 alam

31 1511 78 1540 ἀ
95 1488 238 1546 tueri
268 1507 474 1570 tergam
512 1486 667 1567 jubet
694 1510 705 1542 :
749 1485 862 1568 ipse
893 1486 1044 1546 flexit
1073 1486 1132 1544 in
1165 1489 1310 1545 Um-

34 1570 216 1630 briam
233 1619 249 1643 ,
273 1592 441 1651 atque
464 1568 597 1628 inde
623 1570 930 1649 Etruriam3
961 1570 1058 1630 ubi
1080 1571 1311 1653 cognito

35 1676 228 1738 pugnae
263 1652 661 1714 Cremonensis
702 1675 910 1714 eventu
934 1701 951 1726 ,
997 1678 1113 1714 non
1151 1656 1312 1735 igna-

0 1814 1 1820 ,
32 1758 168 1797 vum
193 1785 209 1810 ‚
245 1747 302 1798 δε
322 1786 338 1810 ,
372 1737 410 1795 si
434 1736 769 1819 proveniffet
786 1754 997 1810 ‚Qatrox
1019 1737 1312 1820 consilium

35 1821 164 1879 iniit
188 1868 204 1893 ‚
244 1842 305 1880 ut
331 1821 560 1902 arreptis
584 1822 814 1880 navibus
838 1870 855 1894 ,
892 1823 951 1879 in
981 1845 1312 1902 quamcum-

35 1926 146 1983 que
175 1925 391 1987 partem
419 1904 793 1963 Narbonensis
815 1905 1108 1985 provinciae
1135 1904 1315 1988 egres:-

35 1986 120 2047 sus
144 2036 161 2060 ‚
197 1987 406 2047 Gallias
427 2036 447 2059 ,
475 1996 531 2047 &
560 1989 827 2047 exercitus
855 2037 870 2060 ,
910 1996 968 2048 &
992 1989 1310 2048 Germaniae

39 2066 232 2158 gentes
255 2119 272 2143 ‚
311 2094 637 2151 novumque
670 2071 889 2149 bellumq
910 2072 1098 2131 cieret.

120 2156 306 2215 XLII.
343 2155 648 2217 onREsso
688 2154 933 2215 Valente
960 2203 976 2226 ‚
1022 2153 1268 2236 trepidos
1291 2171 1313 2226 ,¹

36 2241 134 2323 qui
158 2237 486 2298 Ariminum
515 2237 785 2305 tenebant
807 2287 823 2310 ,
859 2238 1160 2298 Cornelius
1188 2238 1310 2296 Fufi-

39 2346 133 2383 cus
157 2369 173 2393 ‚
208 2321 441 2381 admoto
469 2322 709 2382 exercitu
739 2368 754 2393 ,
789 2331 845 2382 &
873 2321 1036 2381 miffis
1061 2344 1158 2403 per
1181 2344 1311 2402 pro-

39 2408 190 2466 xima
226 2403 456 2463 litorum
498 2403 821 2477 liburniciS,
864 2404 1008 2464 terra
1058 2405 1312 2482 marique

40 2488 426 2554 circumvenit.
450 2488 813 2567 Occupantur
836 2488 996 2569 plana
1016 2490 1074 2545 U
1082 2487 1270 2544 mbriae
1292 2534 1308 2558 ‚

39 2581 101 2642 ὅς
125 2572 234 2661 qua
259 2570 491 2632 Picenus
513 2592 644 2658 ager
668 2568 842 2632 Adria
866 2569 1106 2631 adluitur
1130 2591 1142 2627 :
1183 2592 1314 2655 omss
