1714 2961
284 148 897 197 n1sronrARUM
957 130 1209 192 L113.I.
1312 154 1385 205 41

121 234 368 298 tumultu
388 283 406 309 ‚
453 243 512 294 &
556 231 944 292 exhortatione
994 231 1190 291 mutua
1213 278 1231 305 ,
1276 254 1393 292 non
1419 262 1611 299 Ξ

123 343 415 401 tamquam
461 318 521 374 in
566 313 775 397 populo
804 360 821 386 ,
868 337 930 372 ac
974 313 1140 396 plebe
1168 362 1184 387 ‚
1230 316 1393 376 variis
1417 315 1467 354 A.
1485 316 1535 356 U.
1556 315 1607 356 C.

121 403 276 486 segni
296 399 616 461 adulatione
642 397 871 457 vocibus
896 444 912 470 ,
943 394 1039 457 sed
1061 444 1078 470 ‚
1112 418 1173 456 ut
1197 421 1395 478 quem-
1456 390 1566 430 8²²·

123 509 232 568 que
287 483 659 544 adfluentium
718 480 969 541 militum
1033 478 1354 562 aspexerant
1378 531 1394 555 ,

125 566 379 652 prensare
401 565 658 625 manibus
679 613 697 639 ,
721 564 1023 648 complecti
1046 565 1214 625 armis
1236 613 1252 638 ‚
1279 565 1400 625 col-

123 653 305 711 locare
324 652 505 732 juxta,
533 650 721 733 praeire
747 648 1160 709 sacramentum
1177 696 1194 721 ‚
1222 649 1399 709 modo

126 738 535 818 Imperatorem
554 733 827 792 militibus
841 780 857 805 ‚
875 732 1051 791 modo
1065 734 1400 815 Imperatori

65 891 69 893 ‚
126 820 333 877 milites
374 816 795 877 commendare.
840 817 960 875 Nec
1001 816 1194 876 deerat
1235 818 1401 877 Otho

121 901 461 985 protendens
510 923 708 959 manus
746 948 764 973 ‚
824 899 1057 959 adorare
1115 899 1351 982 vulgum
1380 949 1398 974 ,

121 993 299 1067 jacere
345 982 530 1043 oscula
558 1032 574 1056 ,
627 993 685 1044 &
730 983 925 1042 omnia
975 981 1249 1044 serviliter
1298 1007 1401 1066 pro

124 1068 532 1127 dominatione.
584 1070 882 1148 Postquam
921 1066 1175 1125 uniVersa
1224 1066 1400 1126 claffi-

123 1175 321 1212 corum
362 1150 512 1232 legio
547 1147 956 1210 sacramentum
992 1157 1106 1229 ejus
1140 1152 1353 1233 accepit
1379 1199 1398 1224 ,

122 1236 302 1295 fidens
340 1234 549 1293 viribus
580 1281 597 1306 ‚
641 1242 701 1294 ὅ(
745 1256 886 1314 quos
928 1232 1109 1292 adhuc
1157 1232 1400 1316 singulos

125 1316 585 1390 exstimulaverat,
603 1316 994 1378 accendendos
1013 1318 1071 1375 in
1093 1341 1400 1380 commune

122 1424 269 1462 ratus
292 1450 308 1475 ‚
344 1424 444 1484 pro
472 1400 622 1461 vallo
647 1401 1049 1466 castrorumita
1073 1403 1258 1484 coepit.
1285 1466 1289 1470 ,

200 1486 510 1547 XXXVII.
553 1513 586 1537 oc
606 1488 756 1562 Quis
785 1485 856 1544 ad
880 1508 975 1544 vos
1000 1484 1355 1568 processerim
1380 1501 1402 1558 ,'

122 1568 587 1630 „commilitones
608 1618 624 1642 ‚
648 1569 833 1628 dicere
856 1592 973 1627 non
996 1567 1125 1651 poss
1119 1593 1243 1628 um:
1270 1571 1401 1650 quia

123 1677 271 1714 senec
295 1653 575 1736 privatum
596 1676 690 1712 me
717 1675 916 1711 vocare
939 1651 1173 1712 sustineo
1195 1701 1211 1725 ,
1244 1654 1401 1711 Prin-

122 1760 293 1820 noceps
315 1761 347 1796 a
367 1736 532 1796 vobis
551 1737 875 1796 nominatus
892 1759 909 1814 3
936 1759 1038 1796 nec
1058 1737 1399 1819 Principem,

124 1820 280 1879 :valio
297 1820 628 1903 imperante.
651 1822 914 1882 Vestrum
933 1844 1159 1900 quoque
1185 1842 1398 1878 nomen

124 1905 229 1962 :oin
264 1903 479 1964 incerto
513 1905 618 1963 erit
639 1952 655 1976 ,
688 1903 869 1962 donec
908 1902 1256 1962 dubitabitur
1283 1905 1403 1961 Im-

122 2008 485 2070 :operatorem
510 1985 704 2070 populi
728 1987 975 2047 Romani
1005 1988 1064 2045 in
1089 1987 1298 2059 castris,
1327 2009 1400 2046 an

121 2072 383 2130 »hostem
426 2070 691 2131 habeatis,
750 2069 1049 2132 Auditisne
1073 2119 1090 2143 ‚
1134 2092 1195 2130 ut
1233 2094 1400 2155 poena

123 2178 295 2215 »mea
312 2202 328 2227 ‚
351 2162 408 2214 ὃ(
427 2152 760 2237 supplicium
778 2157 1021 2214 vestrum
1039 2154 1203 2215 fimul
1221 2156 1400 2238 postu-

124 2237 398 2297 mlentur?
453 2238 595 2299 adeo
642 2237 1003 2298 manifestum
1050 2240 1125 2299 est
1147 2287 1163 2312 ‚
1213 2261 1403 2320 neque

126 2323 349 2404 :operire
370 2344 471 2381 nos
496 2369 513 2395 ‚
548 2345 734 2403 neque
759 2320 933 2382 salvos
957 2320 1064 2383 effe
1083 2371 1098 2395 ,
1128 2322 1229 2381 nisi
1253 2322 1361 2380 una
1381 2368 1399 2394 ‚

125 2402 338 2486 „polle
401 2406 469 2463 Et
494 2453 510 2476 ,
560 2413 713 2486 cujus
763 2405 1005 2466 lenitatis
1053 2408 1128 2465 est
1177 2404 1360 2464 Galba
1380 2421 1416 2477 ‚·'

125 2496 285 2568 anjam
314 2485 535 2548 fortaffe
558 2489 810 2572 promisit
834 2515 847 2548 :
871 2511 933 2549 ut
955 2490 1053 2571 qui
1073 2537 1090 2561 ‚
1120 2487 1278 2547 nullo
1306 2511 1401 2548 ex-

122 2600 161 2629 aa
169 2571 430 2658 poscente
450 2619 468 2646 ,
505 2592 590 2634 tot
616 2571 798 2637 millia
818 2572 1403 2638 innocentiffimorum

1482 536 1560 589 69,
1592 594 1595 597 ¹
