1670 2961
261 118 881 161 nrsroR1ARuM
931 94 1193 156 L1n.1.
1299 118 1371 172 71

95 222 346 262 moratus
394 200 512 260 dies
556 247 573 272 ,
632 197 772 255 dum
798 191 1101 254 ‘sententiae
1150 197 1375 258 Vitellii

100 286 306 345 certior
347 284 545 354 fieret,
598 278 760 338 fimul
811 278 1100 337 transitum
1141 281 1378 361 Alpium
1399 275 1451 314 Α·
1469 277 1517 314 U·
1539 277 1593 318 C'

15 387 18 389 ’
104 392 299 453 parans
328 415 345 440 ‚
385 367 572 425 laetum
609 386 673 422 ex
721 361 880 421 ltalia
922 362 1189 420 nuntium
1235 367 1379 423 acci-
1448 347 1558 392 3²²·

103 454 186 534 pit
219 500 235 525 ,
264 450 461 508 malam
493 446 772 527 Syllanam
799 448 943 505 circa
971 445 1188 505 Padum
1212 471 1244 506 a
1286 471 1381 507 en·
1438 425 1559 542 Jg9c.

103 556 266 595 sotem
298 581 315 605 ,
377 532 725 591 sacramento
763 529 991 591 Vitellii
1033 471 1381 592 acceffilffe».
1522 522 1538 539 ’

103 615 501 678 proconsulem
532 614 838 676 Vitellium
863 614 1067 693 Syllani
1106 615 1165 672 in
1189 613 1382 674 Africa

103 702 413 761 habuerant
443 726 456 758 t
481 723 613 758 mox
642 723 672 757 a
702 699 929 756 Nerone
953 746 969 770 ,
1008 719 1068 756 ut
1093 698 1152 755 in
1178 702 1386 782 AEgyp*

105 806 227 844 tum
256 784 723 867 praemitterentur
745 829 761 853 ,
814 781 1014 853 exciti,
1055 790 1113 841 &
1145 781 1220 840 ob
1267 782 1386 841 bel-

108 867 228 927 lum
270 866 530 927 Vindicis
560 865 804 924 revocati
827 913 844 936 ,
889 888 949 924 ac
978 886 1102 924 tum
1134 867 1194 924 in
1224 866 1385 926 Italia

104 971 396 1011 manentes
425 998 442 1022 ,
490 951 751 1008 instindtu
806 948 1221 1022 decurionum,
1285 952 1386 1032 qui

107 1035 358 1094 Othonis
383 1035 563 1114 ignati
587 1082 602 1106 ,
638 1032 880 1094 Vitellio
906 1033 1151 1092 obstrioti
1172 1082 1189 1107 ,
1216 1035 1387 1095 robur

108 1118 533 1179 adventantium
571 1117 863 1198 legionum
910 1127 966 1177 &
999 1115 1214 1176 famam
1241 1121 1389 1178 Ger-

107 1203 317 1261 manici
341 1201 608 1261 exercitus
641 1200 1009 1272 attollebant,
1037 1200 1295 1260 transiere
1329 1204 1389 1261 in

109 1308 287 1370 partes
327 1311 339 1343 :
374 1294 431 1345 &
467 1307 526 1344 ut
554 1285 772 1343 donum
797 1284 1029 1366 aliquod
1056 1309 1206 1344 novo
1230 1287 1391 1345 Prin-

110 1371 220 1452 cipi
257 1417 274 1441 ,
332 1368 640 1427 firmillima
683 1367 1092 1452 Transpadanae
1145 1371 1390 1452 regionis

109 1452 416 1535 municipia
437 1500 454 1524 ,
487 1453 889 1512 Mediolanum
912 1502 928 1526 ,
956 1477 1017 1512 ac
1049 1454 1389 1528 Novariam,

110 1545 171 1597 δε
206 1536 544 1619 Eporediam
569 1585 584 1609 ,
618 1561 679 1596 ac
719 1537 1007 1597 Vercellas
1030 1585 1046 1610 ,
1071 1537 1390 1620 adjunxere.

111 1619 181 1680 Id
203 1621 440 1680 Caecinae
476 1644 574 1704 per
595 1620 738 1704 ipsos
764 1642 1140 1702 compertum.
1166 1625 1233 1682 Et
1259 1646 1393 1704 quia

110 1702 356 1788 praefidio
406 1704 500 1764 alae
548 1707 709 1764 unius
763 1705 1019 1765 latiffima
1061 1729 1182 1789 pars
1223 1708 1393 1767 Italiae

113 1785 347 1847 defendi
385 1790 655 1870 nequibat
681 1838 696 1861 ,
741 1790 1019 1872 praemiffis
1053 1791 1350 1849 Gallorum
1374 1837 1392 1864 ,

114 1869 506 1932 Lusitanorum
537 1921 553 1945 ,
590 1875 1105 1953 Britannorumque
1148 1875 1394 1933 cohorti-

115 1955 216 2013 bus
243 2002 259 2027 ,
305 1965 362 2015 δε
399 1960 820 2015 Germanorum
845 1956 1058 2016 vexillis
1084 2003 1101 2028 ,
1139 1980 1269 2016 cum
1307 1958 1393 2018 ala

112 2039 336 2098 Petrina
359 2088 374 2113 ,
402 2038 516 2122 ipse
547 2039 874 2123 paullulum¹
895 2044 1180 2100 cunetatus
1204 2089 1222 2115 ,
1250 2066 1392 2102 num

114 2122 334 2183 Raeticis
379 2125 521 2206 jugis
562 2125 623 2183 in
653 2125 929 2184 Noricum
972 2124 1220 2185 flecsteret
1242 2174 1259 2199 ,
1296 2127 1392 2186 ad-

115 2205 303 2267 versus
340 2209 670 2268 Petronium
702 2208 782 2267 ibi
815 2229 1267 2292 procuratorem,
1293 2213 1393 2293 qui

117 2290 350 2351 concitis
379 2293 592 2352 auxiliis
609 2342 625 2366 ,
650 2302 708 2353 δε
745 2293 1066 2374 interruptis
1091 2293 1394 2353 fluminum

119 2374 425 2457 pontibuS,
471 2376 613 2436 fidus
664 2377 889 2437 Othoni
929 2377 1242 2459 putabatur.
1281 2377 1392 2437 Sed

121 2478 279 2516 metu
307 2505 322 2530 ,
370 2481 441 2517 ne
487 2461 773 2520 amitteret
814 2458 1105 2544 praemiffas
1139 2467 1254 2540 jam
1294 2485 1393 2519 co-

116 2541 307 2601 hortes
343 2540 595 2624 alasque,
631 2542 794 2603 simul
825 2564 1084 2627 reputans
1121 2542 1242 2628 plus
1266 2543 1395 2627 glo-
