1659 2928
132 137 137 141 ’
198 135 310 199 522
416 112 867 180 IN‘LrnRuM
915 139 1283 198 QUARTUM

267 217 392 266 CAP.
425 215 669 268 XXXIV.
715 217 944 286 Obfidium
978 221 1222 290 legionum.
1266 214 1342 274 De
1378 230 1484 294 qud

201 282 335 350 supra
373 282 494 348 Cap.
525 301 604 347 30.
1576 330 1581 336 .

203 348 589 468 δαξῑιΐῑειξῗηῇνεὲἶα
618 350 876 419 castrorum.
921 353 1187 406 Castrorum
1217 357 1440 409 Veterum
1460 391 1481 419 ‚v

269 479 516 547 Depqfitz's:
551 478 672 532 Fore
693 523 706 546 ,
741 502 790 535 ut
814 485 1027 554 depositis
1045 526 1060 550 ,
1096 493 1182 536 δίε.
1218 486 1335 536 Haec
1359 471 1481 554 saep’e‘

204 550 421 599 omittunt
454 546 695 599 Historici.

265 680 391 732 CAP.
408 679 627 732 XXXV.
647 679 922 746 Castrorum.
944 681 1212 742 Castrorum
1230 684 1474 735 Veterum.

269 749 338 800 Uc
357 748 464 799 inde
485 785 502 806 ,
540 747 736 814 terrestri
767 748 946 797 itinere.
980 747 1162 799 Frustra
1183 751 1356 817 aliquid
1383 753 1479 800 vitii

196 808 279 864 hic
308 812 664 864 comminiscitur
686 814 881 880 Lipsius.
923 814 1222 883 Fugientibus
1246 818 1446 866 hostibus
1462 855 1476 878 ,

199 881 519 945 impedimenta
548 879 773 947 legionum
800 921 814 943 ‚
852 881 900 929 id
925 884 987 930 est
1007 880 1171 932 'currus
1200 890 1243 932 &
1273 885 1482 946 jumenta

197 949 441 1015 legionum
460 965 562 997 cum
578 948 750 995 imbelli
768 949 917 1007 turba,
935 965 1040 996 cum
1054 951 1290 998 calonibus
1308 967 1480 1015 nempe

203 1021 248 1063 &
274 1017 375 1064 lixis
400 1053 414 1075 ,
446 1013 731 1074 Novefium‚
767 1013 894 1062 Ναὶς
915 1051 928 1069 ,
967 1013 1095 1064 missa
1130 1016 1228 1065 sunt
1248 1055 1260 1077 ,
1290 1032 1336 1064 ut
1373 1016 1483 1064 inde

202 1081 484 1130 frumentum
515 1081 806 1128 adveherent.
851 1080 1056 1128 Primum
1083 1100 1106 1130 a
1146 1100 1253 1130 men
1277 1079 1482 1130 securum

201 1148 389 1197 inceffit.
405 1148 553 1198 Alteri
571 1148 748 1214 agmini
768 1145 882 1195 datae
899 1149 946 1195 in
966 1100 1220 1213 praeficiium
1239 1148 1450 1196 cohortes
1468 1166 1479 1196 ε

203 1231 250 1264 at
290 1215 450 1265 Civilis
476 1255 489 1277 ,
537 1215 648 1282 quid
687 1230 897 1281 ageretur
939 1217 1132 1279 certior,
1168 1221 1213 1264 &
1253 1214 1482 1276 validior,

202 1283 413 1333 incautos
450 1299 529 1331 eos
564 1281 758 1330 invadi-t.

269 1347 494 1398 Flumine.
525 1347 710 1396 Rheno.

270 1414 610 1480 Manentibu5.'
632 1415 793 1465 Castra
823 1413 1047 1465 Geldubae
1068 1453 1080 1474 ,
1119 1410 1235 1462 Gelb
1255 1452 1270 1475 ‚
1299 1426 1348 1462 ut
1379 1409 1487 1462 fue-

201 1494 305 1532 rant
325 1482 350 1544 ,’
375 1482 657 1531 manebant:
692 1499 778 1531 nec
801 1480 976 1544 diruta,
1006 1498 1093 1531 nec
1117 1481 1267 1529 aucsta.

269 1613 395 1664 CAP.
420 1612 686 1664 XXXVII.
718 1612 1004 1678 Estzperiore
1029 1611 1258 1663 exercitu.
1284 1609 1323 1660 E
1345 1607 1486 1676 supe-5

205 1682 337 1731 rioris
371 1680 635 1730 Germaniae
669 1682 885 1728 exercitu.

275 1746 533 1813 Occidzsser.
573 1747 668 1796 Sub
701 1745 842 1794 finem
876 1742 1164 1793 Decembris.

206 1865 215 1868 ,
273 1812 464 1873 Cattis,
501 1811 703 1878 Ufipiis,
737 1810 1001 1862 IWatriacis.
1037 1808 1132 1872 Qui
1157 1825 1180 1855 e
1203 1805 1490 1869 Germaniaj

205 1883 489 1930 concitatore
522 1880 696 1939 Civili,
732 1881 781 1928 in
814 1877 923 1926 belli
953 1875 1212 1924 societatem
1251 1889 1484 1922 venerant.

205 1942 284 1996 De
313 1948 381 1996 his
416 1947 603 2013 populis
632 1947 764 2012 plura
801 1944 1008 1992 dicentur
1045 1940 1162 1990 infra
1195 1939 1251 1987 de
1275 1939 1512 1989 Moribus'

206 2013 434 2063 German.
455 2014 577 2079 Cap.
608 2031 663 2069 29
693 2019 736 2059 ὃ(
762 2009 889 2079 seqq.

271 2080 489 2131 Loricam
541 2078 722 2128 Gallice
749 2095 835 2126 une
863 2073 1093 2125 cranche'e.
1122 2072 1199 2122 De
1218 2071 1361 2122 lorica
1385 2071 1490 2121 dic-

207 2160 303 2197 ‘tum
328 2146 461 2215 suprci
483 2146 659 2195 Annal.
683 2144 771 2206 IV,
797 2162 877 2204 49.

271 2279 397 2330 CAP.
421 2278 710 2330 XXXVIII.
746 2272 1055 2329 Consulatum.
1088 2269 1272 2319 Flavius
1299 2264 1494 2336 Vespa--

207 2346 355 2396 {ianus
382 2347 614 2412 Augustus
635 2344 679 2392 II
701 2382 714 2404 ,
750 2349 793 2390 ὃ(
815 2340 947 2389 Titus
975 2337 1157 2386 Flavius
1192 2335 1343 2386 Caesar
1367 2353 1490 2384 con-

205 2412 403 2462 sulatum
438 2415 581 2461 iniere
619 2427 744 2459 anno
776 2407 922 2455 Urbis
957 2404 1150 2452 conditae
1185 2418 1488 2452 Dcccxxln.

204 2477 234 2532 J
241 2477 314 2528 esu
338 2480 505 2529 Christi
528 2497 605 2536 70.
641 2472 946 2540 Vespasianus
974 2468 1131 2519 consul
1155 2469 1357 2534 primum
1381 2466 1488 2517 fue-

204 2562 276 2598 tat
290 2584 306 2611 ‚
338 2546 412 2598 sed
433 2544 641 2595 suffectus
664 2540 845 2594 tantum
870 2556 996 2591 anuo
1019 2536 1089 2587 U.
1108 2538 1169 2589 C.
1191 2550 1404 2588 nccc1v.
