1637 2928
286 117 407 168 206
479 109 550 169 C.
587 109 1043 170 CORNELII
1086 115 1395 176 TAc1T1

285 210 441 292 gioni
461 211 516 269 in
539 211 767 272 adversa
787 210 973 273 fronte
996 214 1126 273 valli
1145 239 1281 298 opus
1301 214 1559 292 cesserat,

65 282 103 321 A
141 286 187 325 U·
209 289 257 329 C·
286 303 344 352 &
379 293 476 352 visi
510 295 705 379 procul
744 294 1022 356 sociorum
1063 301 1277 381 equites
1301 347 1318 373 ,
1355 324 1560 360 vanam

109 354 217 402 822,

101 429 143 470 J.
170 432 216 474 C.

126 500 207 549 69.

286 375 687 454 formidinem,
709 402 769 439 ut
791 382 967 442 hostes
986 430 1003 455 ,
1021 380 1223 444 fecere.
1245 385 1562 468 Rapiuntur

285 485 473 536 arma,
515 472 572 524 &
602 511 619 536 ,
657 485 717 522 ut
761 466 1094 547 proditionis
1120 514 1138 540 ,
1178 469 1259 527 ira
1306 468 1560 528 militum

281 547 341 605 in
359 549 433 605 T.
454 548 731 630 Ampium
745 547 1068 609 Flavianum
1093 551 1377 625 incubuit,
1401 551 1563 613 nullo

279 630 530 689 criminis
579 653 914 713 argumento
953 681 969 706 ,
1026 632 1123 694 sed
1174 643 1289 715 jam
1336 636 1559 718 pridem

274 712 480 773 invisus
500 761 518 787 ,
553 716 777 774 turbine
798 716 1049 798 quodam
1075 717 1148 777 ad
1177 719 1413 778 exitium
1437 719 1560 799 pos-

277 797 541 857 cebatur:
573 826 605 849 ot
621 795 1004 882 propinquum
1022 801 1280 876 Vitellii,
1306 803 1561 885 prodito·-

273 904 445 941 :nrem
467 882 718 942 Othonis
742 931 758 955 ,
783 884 1226 967 interceptorem
1250 886 1553 947 donativi„

278 964 662 1025 clamitabant.
684 967 804 1026 Nec
826 966 1138 1027 defensioni
1157 969 1309 1030 locus
1325 1018 1342 1042 ,
1363 994 1562 1052 quam-
1635 1018 1637 1045 ἦ

274 1073 450 1132 quam
489 1047 759 1132 supplices
804 1074 1004 1110 manus
1048 1053 1307 1113 tenderet
1330 1101 1349 1126 ,
1394 1055 1559 1127 humi

273 1133 611 1216 plerumque
650 1135 840 1193 stratus
870 1182 887 1207 ,
928 1134 1108 1194 lacera
1141 1138 1285 1196 veste
1308 1182 1326 1208 ‚
1367 1141 1558 1219 pectus
1636 1156 1637 1221 ζ

271 1237 444 1298 atque
493 1239 590 1275 ora
633 1215 878 1302 singultu
925 1219 1182 1300 quatiens
1208 1244 1222 1277 ε
1269 1219 1330 1279 id
1374 1219 1558 1304 ipsum
1636 1239 1637 1245 ’

272 1300 424 1384 apud
458 1298 705 1376 infensos
739 1303 1176 1362 incitamentum
1212 1323 1330 1363 erat
1352 1350 1371 1376 ,
1406 1325 1558 1364 tam-

268 1407 446 1467 quam
473 1385 683 1445 nimius
716 1408 887 1468 pavor
916 1386 1319 1448 conscientiam
1354 1410 1557 1471 argue-

270 1488 372 1529 ret.
410 1468 841 1529 Obturbabatur
867 1469 1120 1529 militum
1144 1471 1375 1530 vocibus
1397 1472 1555 1553 Apo-

269 1552 395 1612 nius
419 1598 437 1624 ,
478 1551 610 1612 cum
654 1551 813 1635 loqui
858 1573 1166 1635 coeptaret:
1218 1551 1453 1614 fremitu
1495 1565 1556 1616 &

269 1635 519 1699 clamore
538 1656 751 1696 ceteros
773 1634 1156 1720 aspernantur:
1177 1638 1277 1696 uni
1294 1636 1556 1700 Antonio

270 1742 470 1802 apertae
492 1720 743 1780 militum
767 1743 920 1780 aures
949 1746 962 1779 ε
991 1723 1254 1803 Namque
1277 1730 1334 1781 &
1355 1720 1555 1782 facun-

270 1804 367 1863 dia
393 1804 585 1864 aderat
613 1851 631 1878 ,
671 1804 1074 1887 mulcendique
1105 1805 1342 1887 vulgum
1371 1827 1550 1880 arteS,

270 1895 331 1948 δέ
356 1890 668 1948 auotoritas
713 1889 834 1949 Ubi
858 1887 1178 1949 crudescere
1203 1888 1448 1964 seditio,
1492 1899 1551 1951 δε
1634 1887 1637 1893 ’

270 1973 593 2042 αχεωηνίεἰίε
621 1997 684 2032 ac
715 1973 932 2056 probris
954 2021 972 2046 ,
1017 1972 1089 2033 ad
1116 1972 1225 2033 tela
1261 1982 1320 2035 δε
1351 1997 1551 2034 manus
1634 2027 1637 2046 ,

271 2054 594 2129 transibant,
607 2085 641 2109 cc
652 2057 807 2140 injici
825 2078 1043 2118 catenas
1057 2056 1315 2118 Flaviano
1329 2057 1550 2140 „juben
1610 2125 1611 2128 ,
1634 2066 1637 2123 ἒ

268 2137 447 2199 Senfit
474 2139 785 2201 ludibrium
809 2141 973 2201 miles
991 2189 1009 2215 ,
1039 2140 1387 2224 disjetstisque
1408 2189 1426 2214 ,
1450 2141 1549 2222 qui
1636 2163 1637 2223 j

268 2222 512 2282 tribunal
537 2226 854 2299 tuebantur,
877 2247 1124 2286 extrema
1138 2226 1217 2284 vis
1236 2226 1548 2308 parabatur.
1636 2242 1637 2250 ¹

267 2305 549 2388 Opposuit
579 2307 760 2368 finum
787 2310 1067 2369 Antonius
1093 2357 1110 2382 ,
1138 2310 1320 2368 stricto
1362 2307 1544 2383 ferm,

264 2410 419 2448 ‘aaut
449 2391 696 2450 militum
719 2391 773 2452 se
797 2392 1054 2453 manibus
1073 2441 1089 2465 ,
1129 2413 1222 2452 aut
1244 2391 1350 2452 suis
1375 2395 1546 2452 mori-

263 2493 501 2533 saturum
517 2505 549 2528 32
574 2475 848 2536 obtestans
873 2503 884 2535 ε
913 2498 974 2535 ut
996 2500 1282 2559 quemque
1303 2500 1503 2536 norum
1523 2525 1541 2550 ,

267 2565 325 2620 δε
371 2556 560 2641 aliquo
606 2559 835 2621 militari
882 2560 1085 2623 decore
1133 2560 1408 2643 infignem
1458 2560 1543 2621 as-
