1659 2928
354 161 902 205 ms'ronrAin
963 139 1204 205 Nor'AE.
1308 154 1426 224 '491

133 238 246 291 'licae
269 259 466 292 monetae
492 244 629 292 libras
660 258 944 305 19,455‚025
969 281 983 306 ‚
1015 261 1043 294 a
1068 242 1230 294 Flavio
1255 242 1432 299 Sabino

148 306 414 375 Vespasiani
430 309 587 373 fratre
611 309 801 374 pepigit.

215 374 428 424 Cluvium
447 373 634 438 Rufum.
657 373 894 422 Laudatur
909 374 1030 422 Hist.
1046 376 1094 435 Ι,
1116 380 1158 424 8.
1179 383 1224 425 &
1242 376 1328 439 IV,
1349 398 1428 446 43.

146 439 224 491 De
243 441 358 491 Silio
381 442 543 490 Italico
562 442 660 505 jam
684 438 857 490 dictum
877 441 1054 490 Annal.
1075 440 1200 494 XVI
1220 482 1234 505 ‚
1270 451 1347 509 63.

214 570 339 622 CAP.
358 570 544 625 LXVI.
579 573 844 624 Pateretur.
872 569 999 623 Vere
1020 572 1175 622 illustr.
1199 574 1430 628 Huetius:

151 636 459 705 Vespasianus
495 639 690 705 confidet
726 639 880 702 potiar
909 637 1191 703 securitati,
1240 641 1431 694 Vitellio

146 705 326 769 occist),
367 708 498 770 queim
534 705 697 772 gloriae
719 745 735 768 ,
758 704 963 770 Jervato.
1002 704 1091 754 Sin
1129 704 1433 775 Vefi’qsianus

129 769 327 837 servare
347 770 456 821 velit
474 789 494 832 ‚·
523 771 630 821 vifssi
653 787 829 821 tantum
851 769 1046 819 dedecus
1062 789 1153 820 non
1170 778 1431 842 patientur,

149 836 204 887 ὓ·
227 835 465 888 Vitellium
485 836 723 895 occident,
756 835 1083 900 utfizbducant
1107 839 1330 900 infamiae.

87 907 90 912 '
211 903 511 954 Germanico.
541 902 650 957 Jam
673 918 932 952 memorato
956 901 1089 969 supra
1110 904 1230 953 Hist.
1248 908 1294 955 II
1309 946 1325 971 ‚
1352 922 1430 969 59.

210 965 278 1017 Et
294 968 545 1031 familiam.
581 971 639 1020 Et
664 969 831 1019 servos.

143 1098 172 1150 d
207 1031 508 1151 Praegavem
522 1033 676 1105 fuzffe.
707 1036 915 1103 Ideoque
940 1033 1254 1100 interfectum,
1288 1054 1336 1089 ut
1356 1041 1430 1095 vi·-⁴

116 1124 119 1126 ’
176 1101 293 1150 imus
365 1120 391 1150 a
430 1136 441 1149 .
473 1109 552 1151 62.

210 1166 367 1217 Ullam
392 1120 448 1218 lin
477 1166 732 1220 Vitellium.
769 1167 896 1217 Bene
931 1166 1080 1216 adhuc
1105 1168 1262 1218 illustr.
1289 1170 1428 1221 Hue-

141 1234 262 1282 tius:
301 1233 464 1284 Primo
488 1274 503 1296 ,
542 1233 683 1299 Fusco
707 1273 721 1296 ‚
762 1232 812 1284 ὓ*
854 1231 1078 1283 Muciano
1116 1252 1208 1285 non
1243 1234 1427 1286 dabitur

124 1298 353 1367 servandi
391 1298 568 1351 Vitellii
600 1299 797 1368 potestas·
821 1339 834 1362 ‚
857 1297 942 1363 fid
965 1302 1146 1350 tantum
1170 1301 1429 1355 occidendi.

212 1364 394 1417 Vitellii
416 1366 575 1417 cliens.
600 1367 808 1427 Vitellii,
831 1365 1032 1415 Claudio
1045 1365 1262 1434 Principe
1281 1408 1293 1429 ,
1313 1387 1425 1435 prae-

143 1435 369 1498 potentis.
410 1433 488 1482 Sic
506 1439 551 1481 &
572 1432 622 1482 N
626 1433 769 1482 arciffi
795 1433 942 1501 gratia
967 1432 1065 1481 usus
1092 1436 1156 1482 est
1177 1433 1428 1501 Vespafia-

144 1515 231 1548 nus
249 1537 262 1558 ,
294 1515 341 1547 ut
359 1499 512 1547 videre
530 1501 592 1547 est
614 1500 740 1565 apud
756 1499 946 1548 Sueton.
966 1502 1015 1546 in
1034 1498 1222 1566 Vespas.
1242 1501 1364 1567 Cap.
1381 1521 1429 1562 4.

210 1563 329 1614 Cum
369 1562 603 1616 Vitellius.
677 1564 794 1613 Haec
832 1563 950 1613 forte
991 1565 1283 1629 redundant,
1326 1571 1428 1618 cam

146 1629 367 1685 Vitellius
386 1630 560 1697 collega
578 1629 773 1680 Claudio
781 1629 918 1693 foret.
933 1628 1072 1680 Certe
1091 1631 1427 1684 Cornelianam

145 1699 416 1746 brevitatem
447 1696 638 1744 minime
670 1695 865 1760 sapiunt.
902 1697 956 1744 Id
980 1715 1168 1765 quoque
1190 1700 1351 1765 Lipfio
1381 1708 1429 1749 &

143 1762 337 1812 Ernesto
360 1760 659 1811 observatum.
705 1761 845 1810 Forte
872 1777 1026 1810 tamen
1052 1763 1242 1813 Tacitus
1270 1767 1425 1816 Vitel-

57 1858 63 1863 ·
145 1829 261 1878 lium
300 1829 635 1894 Imperatorem
669 1844 696 1876 a
719 1827 916 1879 Vitellio
947 1827 1133 1879 censore
1164 1837 1210 1878 δε
1245 1833 1429 1900 collega

148 1895 334 1946 Claudii
365 1895 424 1944 fic
457 1895 719 1943 distinctum
753 1896 914 1943 voluit.

218 1960 438 2029 Egregiae
466 1960 640 2010 domus.
676 1960 907 2009 Incertum
943 1975 1096 2012 tamen
1133 1961 1350 2013 veterisne
1383 1971 1430 2014 &t

146 2028 316 2076 nobilis
338 2067 352 2089 ,
388 2046 448 2076 an
481 2045 614 2078 novae
645 2032 690 2075 &
725 2025 914 2076 sordidae
938 2066 952 2090 ,
990 2031 1097 2079 teste
1123 2030 1344 2081 Suetonio
1374 2033 1428 2089 irs

146 2092 308 2147 Vitell.
346 2093 470 2162 Cap.
501 2112 519 2144 1
530 2129 543 2144 .

213 2225 340 2276 Cn.
365 2224 575 2278 LXVII.
614 2227 816 2279 Parem.
851 2227 1054 2277 Sextilia.

212 2288 584 2406 guintodeeimo.
622 2294 716 2343 Die
756 2299 809 2342 18
844 2294 1130 2345 Decembris.

273 2357 528 2410 ediderant.
561 2359 710 2426 Supra
745 2360 866 2426 Cap.
903 2369 979 2425 63.

216 2422 350 2473 Pullo
385 2424 561 2476 amiffu.
584 2426 720 2475 ‚Atro
745 2433 788 2473 &
809 2428 992 2493 lugubri
1017 2430 1203 2478 amistu.
1238 2429 1313 2479 Sic
1336 2428 1428 2484 Ju3

149 2491 323 2541 venalis
343 2529 356 2552 ,
385 2491 536 2558 Satyr.
560 2492 628 2539 III
647 2530 661 2553 ,
699 2509 807 2554 213·
1273 2525 1275 2527 ·

659 2575 839 2619 Horrida
872 2587 999 2621 macer
1019 2606 1029 2625 ,

324 2630 479 2686 Pullati
508 2644 709 2694 proceres.

1132 2687 1266 2757 ij
