1714 2961
282 152 894 198 HISToRxARUM
956 135 1210 196 L1B-.1.
1323 158 1395 217 25

123 260 411 324 ‘unguantur
434 286 451 311 ‚
495 257 645 297 certa
675 235 1044 293 dominorum
1086 237 1291 299 domus
1310 286 1326 312 ,
1351 248 1411 301 δε
1432 257 1619 287 πε

120 324 341 384 »ceteri
363 321 502 382 servi
549 344 561 376 ε
605 317 701 378 sed
738 318 1108 400 imperaturus
1136 343 1191 380 es
1227 323 1411 382 homi-
1430 316 1551 360 A.U‚
1573 317 1627 358 C.

122 407 368 477 mnibus,
416 403 513 484 qui
555 425 659 462 nec
705 422 887 460 totam
919 400 1250 463 servitutem
1290 408 1404 488 pati
1471 391 1581 434 8²²·

123 487 389 572 :opoffunt
429 533 446 558 ‚
492 508 597 545 nec
654 505 835 544 totam
888 484 1211 547 libertatem
1232 517 1290 548 ω,
1338 493 1407 550 Et
1466 464 1588 583 ζῇ

127 571 313 631 Galba
346 569 583 652 quidem
609 613 627 642 ‚
652 569 764 628 haec
802 593 864 628 ac
902 568 1070 643 talia,
1117 591 1410 652 tamquam

125 657 448 736 Principem
495 651 705 711 faceret
748 676 764 729 3
832 654 1002 712 ceteri
1041 701 1059 724 ‚
1117 676 1411 735 tamquam

129 762 259 799 cum
304 738 451 796 facto
493 735 884 814 loquebantur.

216 823 702 883 XV11.-P150NEM
731 817 919 878 ferunt
953 819 1137 878 statim
1180 815 1410 879 intuen-

131 904 277 965 tibus
317 951 334 975 ‚
382 911 440 963 ἃ
487 925 621 960 mox
661 904 927 982 conjecffiis
984 903 1044 961 in
1092 926 1223 962 eum
1278 928 1409 962 om·-

128 989 335 1046 aenium
398 985 574 1044 oculis
624 1032 641 1058 ‚
702 985 926 1045 nullum
986 987 1198 1046 turbati
1240 1035 1256 1059 ,
1310 1009 1407 1046 aur

129 1070 448 1133 exsultantis
462 1118 478 1142 ‚
504 1069 680 1128 animi
701 1091 923 1129 motum
940 1069 1264 1151 prodidiffe.
1281 1072 1409 1130 Ser-

132 1179 231 1215 mo
274 1177 405 1236 erga
447 1174 663 1236 patrem
687 1155 1212 1235 Imperatoremque
1250 1176 1410 1214 reve-

134 1262 297 1311 rens,
341 1238 412 1297 de
455 1236 509 1296 se
549 1236 872 1296 moderatus
897 1286 913 1310 ‚
964 1237 1107 1296 nihil
1151 1238 1212 1295 in
1250 1237 1411 1297 vultu

134 1323 440 1402 habituque
512 1340 796 1379 mutatum
849 1346 860 1379 :
911 1319 1062 1401 quasi
1134 1320 1412 1403 imperare

131 1404 307 1490 poffet
330 1404 506 1488 magis
534 1451 551 1477 ‚
589 1404 761 1484 quam
801 1403 989 1464 vellet.
1010 1403 1409 1476 Consultatum

134 1489 269 1550 inde
293 1537 309 1561 ,
361 1516 394 1540 oc
420 1511 518 1571 pro
545 1489 724 1548 rostris
746 1537 762 1561 ‚
796 1512 864 1546 an
894 1489 954 1546 in
984 1487 1175 1548 senatu
1198 1537 1214 1561 ,
1256 1499 1326 1546 a'n
1351 1490 1412 1547 in

135 1572 358 1633 :ocastris
387 1572 616 1653 adoptio
646 1594 1058 1655 nuncuparetur
1085 1602 1142 1630 n.
1196 1601 1228 1624 cc
1256 1574 1328 1631 Iri
1351 1573 1412 1631 in

137 1659 348 1716 meastra
375 1686 406 1710 ιο
441 1656 646 1738 placuit
675 1681 687 1714 t
723 1685 756 1708 cc
771 1656 1147 1715 honorificum
1169 1656 1228 1714 id
1257 1655 1416 1714 mili-

139 1740 331 1801 aotibus
370 1738 490 1799 fore
518 1786 535 1811 ,
580 1762 823 1819 quorum
865 1739 1118 1800 favorem
1142 1788 1158 1813 ,
1203 1762 1264 1798 ut
1306 1739 1417 1798 lar-

140 1825 398 1907 agitione
422 1832 480 1884 δε
501 1823 720 1883 ambitu
743 1823 889 1883 male
917 1823 1136 1903 adquiri
1161 1871 1177 1895 ,
1213 1825 1291 1881 ita
1318 1844 1416 1904 per

142 1908 360 1966 ”bonas
402 1927 544 1966 artes
587 1905 738 1965 haud
786 1905 1238 1990 spernendum».
1284 1908 1417 1964 Cir—

141 1991 494 2051 cumsteterat
520 1990 749 2048 interim
792 1990 1060 2072 palatium
1086 1989 1308 2071 publica
1331 2014 1423 2050 ex-

141 2074 406 2158 spedkatio
441 2121 458 2146 ‚
512 2075 707 2154 magni
746 2072 941 2133 secreti
986 2073 1285 2155 impatiens
1308 2119 1324 2146 ‚
1360 2082 1420 2134 δε

145 2156 293 2218 male
319 2157 620 2217 coercitam
648 2154 863 2217 famam
888 2155 1295 2242 supprimentes
1320 2180 1420 2217 au-

148 2241 372 2325 gebant.

241 2325 458 2384 XVIII.
484 2326 542 2400 Q
562 2340 599 2382 15
623 2345 720 2384 AR
740 2345 772 2380 T
795 2345 837 2405 U·
856 2346 904 2383 M
943 2323 1072 2383 Idus
1105 2324 1426 2395 Januarizm,

153 2404 374 2466 foedum
427 2408 704 2466 imbribus
752 2406 906 2467 diem
945 2455 962 2479 ‚
1026 2409 1312 2481 tonitrua,
1368 2416 1427 2467 &

139 2487 376 2575 fulgura
416 2537 433 2561 ,
488 2499 547 2551 &
589 2491 819 2552 caelestes
878 2491 1042 2551 min-:e
1093 2491 1238 2552 ultra
1295 2489 1429 2562 soli--r

323 2577 475 2634 Tom.
519 2578 627 2636 IV.
1140 2577 1185 2634 B
