1659 2928
330 102 869 165 ''iits‘rontARuM
924 87 1166 158 NorAEss'*
1277 93 1404 176 *541³

115 212 119 216 '
195 197 466 269 Ariovistus.
482 204 731 252 Ariovistus
748 240 762 262 ,
785 200 1128 250 Germanorum
1148 212 1226 244 rex
1243 232 1256 256 ,
1274 194 1403 244 Gal-

129 263 214 316 lias
243 272 499 334 occupavit.
530 268 652 320 Vide
669 268 844 322 Julium
866 263 1092 316 Caesarem
1105 301 1118 325 ,
1139 261 1254 312 Bell.
1271 261 1402 313 Gall.

124 331 180 395 1,
208 351 263 398 31
294 341 337 382 &
359 334 488 401 stqq.

196 463 323 514 CAP.
352 461 588 514 LXXIV.
628 458 772 512 Vobis
805 459 1080 513 addidimus.
1113 458 1182 511 Ea
1221 459 1400 511 tantum

128 530 261 580 vobis
279 529 576 596 imposuimus
601 528 764 578 tributa
777 567 789 590 ,
811 546 911 596 quae
928 529 986 577 ad
1003 530 1216 578 tuendam
1233 544 1400 591 pacem

129 613 262 646 erant
293 595 552 644 necessaria.
596 594 673 642 De
711 595 971 644 Galliarum
1010 596 1182 644 tributis
1220 594 1314 643 dixi
1349 594 1400 640 in

130 665 288 728 priore
301 662 453 713 Taciti
470 661 694 720 editione,
718 661 862 709 Tom.
876 661 921 709 II
935 698 948 721 ,
967 679 1076 728 pag.
1094 678 1184 725 433
1208 665 1254 707 &
1271 657 1400 724 seqq.

107 791 109 793 Ι
131 729 209 776 ubi
231 728 409 778 disserui
434 728 489 777 de
513 726 684 778 tributis
703 745 756 776 ac
779 729 1076 794 vestigalibus
1101 727 1284 792 imperii
1301 725 1403 784 Roz

124 812 270 844 mani.

198 859 374 911 Hateri
391 875 571 925 queunt.
593 858 765 908 Pariter
786 858 1080 924 veffigalium
1099 855 1406 907 neceffitatem

130 930 180 973 &
216 928 503 975 imminentia
538 928 750 974 omnium
776 926 895 972 inter
929 923 972 971 se
1002 925 1209 991 gentium
1245 922 1366 972 bella
1387 959 1404 983 ‚

132 991 269 1058 pulfis
291 992 513 1040 Romanis
532 1031 545 1052 ‚
576 1006 802 1041 memorat
826 990 995 1038 Cicero
1010 1029 1024 1050 ‚
1061 988 1116 1037 ad
1140 987 1402 1053 Quinstum
1466 993 1469 996 ’

132 1058 320 1107 fratrem
339 1058 376 1105 Ι.
402 1057 490 1124 Ep.
511 1061 634 1106 unic.
656 1055 805 1107 Simul
838 1054 888 1105 ff
924 1054 1037 1105 illud
1061 1054 1171 1122 Asta
1203 1055 1406 1122 cogitet,

132 1124 307 1174 nullam
325 1123 422 1188 ase
453 1142 592 1190 neque
615 1121 716 1172 belli
740 1119 920 1171 externi
945 1161 960 1185 ,
989 1139 1129 1187 neque
1148 1119 1406 1186 discordia-

129 1207 232 1244 rum
259 1189 592 1255 domesticarum
626 1188 932 1240 calamitatem
956 1187 1214 1252 abfuturam
1231 1185 1408 1254 fuiffe33

120 1256 171 1324 fi
190 1256 271 1306 hoc
299 1256 482 1317 imperio
508 1274 599 1306 non
631 1270 873 1306 teneretur.
912 1252 971 1304 Id
999 1271 1146 1304 autem
1168 1253 1403 1316 imperium

129 1325 237 1372 ciem
269 1323 456 1373 retineri
472 1323 580 1390 stne
607 1320 905 1390 vebiigalibus
935 1320 1058 1370 nullo
1089 1319 1215 1369 modo
1240 1318 1407 1386 Ροθίῖἰπὲ,τ

131 1407 257 1454 aequo
286 1389 435 1438 animo
458 1406 587 1451 parte
614 1388 765 1454 aliqua
783 1388 968 1454 suorum
991 1385 1222 1451 fruc‘iuum
1241 1400 1406 1450 pacem

114 1454 213 1522 fibi
219 1455 544 1519 sempiternam
564 1454 760 1505 redimat
789 1469 924 1520 atque
953 1455 1108 1504 otium.

194 1520 427 1571 Proximis
452 1522 689 1587 ingruunt.
715 1521 791 1570 Sic
810 1538 904 1589 quo
944 1537 999 1568 ue
1020 1520 1150 1587 Sylla
1165 1517 1405 1567 Bocchum

131 1588 383 1655 alloquitur
406 1588 528 1653 apud
551 1589 813 1636 Sallustium
836 1590 884 1635 in
906 1536 1122 1652 iugurth.
1147 1583 1270 1650 Cap.
1296 1602 1406 1642 ¹09·

133 1653 238 1706 Tibi
260 1657 364 1703 werd
393 1652 521 1703 nulla
555 1653 843 1716 opportunior
864 1652 1068 1704 amicitia
1091 1650 1238 1713 noſtra
1257 1672 1274 1700 .·
1301 1650 1408 1714 pri-i

132 1722 253 1770 mum
284 1719 398 1785 quad
429 1719 587 1780 procul
619 1719 824 1784 absumus
844 1757 861 1780 ‚
897 1718 947 1768 in
982 1736 1064 1784 quo
1100 1710 1279 1784 offinsae
1312 1717 1410 1769 mi-¹

132 1786 303 1837 nimum
323 1821 340 1845 ‚
372 1783 532 1851 gratia
555 1801 644 1847 par
662 1822 678 1845 ‚
710 1802 766 1833 ac
782 1783 832 1850 fi
857 1789 994 1846 prope
1024 1783 1281 1850 adeffemus.

197 1851 398 1902 Naturae
419 1852 558 1900 mala.
588 1850 694 1900 Nec
717 1850 844 1899 aliter
861 1850 1036 1900 Seneca
1055 1850 1110 1898 de
1135 1845 1409 1898 Constanti&

133 1916 380 1983 Sapientis,
400 1917 522 1984 Cap.
534 1936 581 1975 9.
599 1915 767 1966 Omnia
788 1917 939 1981 itaque
935 1916 1008 1984 fic
1022 1917 1199 1979 patitur
1211 1913 1409 1981 sapiens,

131 1998 186 2033 ut
216 1984 375 2033 hiemis
406 1984 597 2050 rigorem
617 2022 633 2046 ‚
671 1981 721 2032 Er
757 1982 1156 2044 intemperantiam
1190 1981 1289 2032 caeli
1307 2021 1324 2045 ‚
1356 1995 1409 2035 uz:

120 2050 337 2117 fervores
367 2049 614 2115 morbosque
631 2088 647 2111 ,
688 2048 739 2098 ὃν
761 2065 913 2098 cetera
919 2048 1044 2111 forte
1064 2045 1340 2097 accidentia.

202 2115 334 2166 Bella
354 2115 548 2165 omnium
574 2115 757 2179 interse
779 2116 1000 2181 gentium.
1020 2115 1191 2164 Similis
1210 2115 1410 2163 omnino

132 2181 355 2232 sententia
393 2182 519 2248 apud
552 2182 812 2231 Sallustium
833 2220 846 2242 ‚
893 2184 940 2230 in
971 2180 1201 2231 Oratione
1226 2180 1272 2228 Π
1294 2219 1309 2242 ,
1347 2177 1408 2228 ad

133 2249 306 2298 Caium
341 2247 567 2297 Caesarem
602 2248 657 2296 de
689 2247 808 2314 Rep.
839 2248 1095 2296 ordinanda
1116 2286 1130 2308 ‚
1171 2246 1293 2312 Cap.
1332 2264 1408 2293 10.

134 2314 376 2382 Quippefi
396 2315 542 2365 morbo
563 2315 662 2378 jam
685 2352 700 2376 ,
734 2330 816 2363 aut
836 2312 939 2377 sato
960 2314 1061 2364 huic
1081 2311 1410 2376 imperiofiecus

134 2380 357 2440 accidat3
390 2383 460 2430 cui
479 2380 661 2431 dubium
685 2379 767 2445 est,
792 2380 896 2445 quin
918 2398 998 2442 per
1018 2381 1163 2430 orbem
1185 2385 1409 2427 terraram

132 2446 326 2513 vastitas
355 2486 370 2506 ‚
409 2446 564 2509 bella,
606 2445 753 2496 caedes
791 2446 1043 2495 oriantur!
1091 2445 1209 2508 Quae
1248 2445 1408 2492 omnia

137 2511 371 2579 collegisse
411 2514 533 2574 juvat
564 2551 578 2574 ,
630 2528 677 2560 ut
717 2512 917 2577 prudens
959 2513 1104 2560 lestor
1141 2511 1412 2564 imitationis

140 2580 354 2648 exempla
381 2578 574 2644 habeat,
601 2576 785 2650 ejusque
804 2578 1010 2631 utilitates
1034 2576 1207 2630 sentiat.
