1659 2928
300 120 858 167 msa-OMARUM
912 100 1154 165 NoTAE.
1263 102 1381 185 ’ζόῃ

168 203 292 257 cm».
308 201 595 254 LXXXVI.
611 201 756 252 Primi
771 203 984 255 Antonii.
1002 201 1103 267 Qui
1121 200 1207 251 fuit
1222 204 1383 268 postea

99 266 426 320 Flavianarum
468 271 669 337 partium
707 268 799 317 dux
840 270 1106 319 acerrimus.
1168 267 1338 334 Tolosae
1363 307 1381 333 ‚

44 381 47 385 .
98 334 340 386 Toulouse
361 374 375 397 ,
406 351 515 384 nato
542 351 786 400 cognomen
818 333 865 382 in
886 335 1087 397 pueritici
1112 333 1257 384 Becco
1272 334 1385 399 fue-

36 431 37 434 =
99 418 217 465 rac,
264 403 312 453 id
356 400 480 452 valet
527 398 797 451 Gallinacei
834 399 1019 467 rostrum
1049 439 1066 463 ,
1107 401 1301 450 Sueton.
1333 404 1386 452 in

99 466 264 523 Vitell.
296 468 419 534 Cap.
443 469 519 515 18.

166 534 293 603 Fayi
343 533 606 584 damnatus.
664 530 738 582 Ut
778 530 976 582 vidimus
1026 530 1162 601 supra
1207 531 1387 584 Annal-

62 641 66 644 -
99 595 226 653 XIV
245 640 259 663 ,
292 619 372 661 40.

167 666 469 718 LabantihuS.
500 663 711 732 Repente·
743 666 992 716 ruentibus.
1035 664 1232 734 Optime}
1259 669 1386 717 enim

99 731 308 802 Ryckius
328 773 342 797 ‚
372 733 467 783 labi
488 736 549 782 est
569 732 730 781 senfim
750 733 912 782 cadere
933 750 948 795 ;
978 732 1136 783 labare
1155 773 1170 796 ,
1191 732 1384 799 repent&

99 818 247 850 ruere.
280 802 356 852 Sic
377 798 510 867 supra
524 799 700 848 Annal.
718 798 870 859 XIV,
897 817 948 847 12
969 837 982 859 ,
1004 797 1186 848 labante
1202 800 1383 865 Agrip-

92 867 251 931 pimi3
286 875 331 916 &
356 867 532 916 Annal.
552 863 713 924 XVI,
748 882 802 929 33
835 903 848 925 ,
878 862 1104 914 Soranum
1136 864 1388 918 labantem

166 934 287 983 Dux
312 932 498 981 coloniae
514 932 633 996 suoe.
678 929 798 995 Quae
822 931 870 979 fit
888 932 967 979 illa
986 933 1201 992 colonia,
1230 934 1385 980 incer-

98 1015 213 1051 tum.
265 998 376 1063 Ejus
408 1016 583 1047 nomen
616 995 722 1045 san&
754 1016 1090 1049 memoraverat
1114 996 1305 1048 Tacitus
1330 1000 1383 1049 in

98 1069 151 1116 ea
181 1083 311 1134 parte
340 1066 443 1114 libri
474 1063 751 1113 sextidecimi
770 1063 1027 1114 Annalium
1052 1105 1065 1126 ,
1100 1083 1201 1133 quae
1228 1067 1382 1131 periit.

95 1132 165 1183 Ibi
200 1135 325 1181 enim
354 1130 519 1181 Galbae
549 1132 679 1181 initia
712 1149 986 1181 narraverat.
1042 1130 1184 1182 Fert&
1225 1148 1381 1182 tamen

96 1199 202 1250 urbs
220 1201 299 1248 illa
317 1197 402 1247 fuit
423 1198 610 1248 Clunia.
650 1196 778 1247 Nam
801 1198 1052 1249 Ptolemaeo
1080 1200 1152 1261 ΙΙ,
1185 1206 1212 1248 6
1232 1238 1246 1260 ,
1274 1216 1382 1247 me-

95 1282 301 1316 moratur
339 1265 513 1315 Clunia
554 1264 756 1314 colonia.
810 1263 1032 1315 Praeterea
1071 1266 1252 1316 Cluniae
1293 1265 1381 1316 fuit

96 1350 352 1384 conventus
381 1331 594 1394 juridicus
619 1369 632 1391 ‚
665 1332 792 1400 quod
827 1333 970 1398 vulg&
1007 1338 1253 1400 proprium
1283 1348 1383 1382 erat

95 1401 294 1449 coloniae
319 1438 332 1460 ,
369 1415 418 1448 ut
446 1396 650 1447 observat
677 1399 875 1448 eruditus
908 1398 1074 1449 Florez
1092 1439 1105 1460 ‚
1138 1397 1378 1448 Medullas

93 1465 152 1515 de
173 1465 360 1528 ΕῙραῇα
386 1504 401 1527 ,
439 1482 551 1532 pag.
589 1471 698 1527 366.
744 1465 1001 1514 Plurimum
1036 1483 1187 1515 autem
1223 1480 1380 1523 operae

95 1534 308 1599 praestare
359 1533 510 1597 potuit
552 1530 798 1580 Cornelius
834 1530 1002 1581 Fuscus
1035 1571 1048 1593 ‚
1088 1534 1193 1581 cum
1224 1530 1382 1579 Galba

93 1599 219 1648 hanc
253 1601 304 1647 in
343 1597 504 1646 urbem
530 1594 584 1648 ..se
625 1597 861 1664 recepiffet
883 1636 896 1660 ,
933 1614 981 1648 ut
1014 1599 1210 1649 vidimus
1245 1595 1381 1664 supra

89 1667 141 1717 in
172 1666 512 1732 Supplemento
544 1663 720 1714 Annal.
753 1663 910 1725 XVI,
950 1670 1026 1714 80.

154 1730 529 1781 procuracionem
569 1727 772 1793 adeptus.
827 1730 1209 1781 Procurationem
1246 1728 1377 1785 Pan,-

81 1799 246 1849 ,noniae
281 1803 327 1844 &
358 1796 621 1845 Dalmatiae.

161 1931 290 1980 CAP.
313 1926 626 1979 LXXXVII.
660 1900 896 1992 Resistens.
939 1924 1202 1977 Confistens
1221 1965 1236 1990 ‚
1266 1941 1377 1979 mo*

86 2011 213 2046 tans.
246 1995 323 2044 Sic
353 1995 596 2055 Phaedrus,
627 1990 786 2041 Fab.I
804 2031 818 2054 ,
857 2012 931 2041 12.

266 2096 335 2139 Ad
348 2097 506 2150 fontem
532 2107 663 2136 cervus
690 2092 780 2135 cam
809 2094 957 2149 bibiffez·
975 2125 987 2143 ‚
1021 2093 1194 2148 restitit,

258 2169 314 2212 Et
342 2170 384 2212 in
417 2170 566 2224 liquore
596 2167 698 2210 vidit
725 2168 894 2223 effigiem
917 2168 1049 2222 fitam.

152 2262 377 2331 Congesta
397 2260 638 2326 copiarum.
658 2258 954 2310 cibariorum
972 2298 988 2323 ‚
1011 2275 1370 2311 commeatuum.

154 2396 282 2449 CAP.
303 2392 638 2445 LXXXVIII.
668 2390 828 2443 Ticini
859 2406 1062 2458 coeptam.
1092 2392 1217 2444 Vide
1236 2389 1368 2456 supr&

199 2499 210 2511 .
238 2467 315 2511 68.

83 2466 391 2581 ΕᾏΞᾱνενείις
407 2541 630 2591 paganos.
655 2522 887 2572 Adversas
908 2539 987 2571 eos
1004 2561 1017 2584 ‚
1054 2525 1134 2590 qui
1155 2541 1252 2570 non
1275 2524 1365 2571 mi-

27 2568 32 2570 ⁷
80 2595 291 2654 litabant.
329 2594 406 2644 De
430 2594 626 2661 paganis
647 2590 819 2640 diffum
839 2591 899 2640 est
919 2587 1051 2657 supra
1074 2589 1194 2711 Vist·
1212 2589 1232 2637 I
1253 2627 1267 2652 ,
1289 2604 1365 2653 53.

1073 2705 1081 2714 ,
1155 2673 1200 2707 w
