1670 2961
289 171 372 248 ‘64
480 174 553 234 C.
598 171 1042 234 Gonnum
1087 174 1397 235 TAcxri

77 299 270 320 ·——-
298 296 600 334 manorum
658 274 859 334 auxilia
894 308 946 347 ,2
971 299 1001 336 e
1050 276 1250 359 quibus
1296 266 1568 338 Vitellia!

77 347 201 460 '⁴33⁰’
222 354 268 392 C.
297 357 414 417 suas
451 381 677 439 quoque
712 360 895 442 copias
923 356 1226 444 supplevit,
1263 359 1380 420 tota
1407 357 1564 420 mole

107 432 230 535 σιξ·
297 441 434 502 belli
473 441 775 501 secuturus·

128 519 231 614 ¹⁹59·-
359 527 539 585 LXII.
564 527 751 584 M1RA
791 526 938 585 inter
979 526 1285 585 exercitum
1309 527 1564 608 Impera-

127 611 132 616 ’
289 629 587 689 toremque
630 608 932 667 diversitasf
954 611 1157 667 Instare
1192 609 1391 680 mileS,
1428 631 1564 667 ocar-

287 716 429 750 :nma
448 721 481 744 ³0
514 688 736 773 poscere
754 739 772 764 ,
805 720 838 743 cc
866 692 1005 750 dum
1037 691 1231 750 Galliae
1258 691 1561 773 trepident,

285 775 472 835 mdum
500 774 776 858 Hispaniae
817 779 1147 835 cunctentur
1171 800 1184 833 ε
1208 797 1325 833 non
1347 774 1561 834 obstare

283 860 583 919 :ohiemem
612 907 627 931 ‚
670 882 854 939 neque
905 861 1114 942 ignavae
1157 859 1303 941 pacis
1333 880 1516 917 moras
1546 882 1563 917 ε

281 943 707 1004 minvadendam
738 943 959 1001 Italiam
982 990 999 1015 ‚
1044 941 1426 1024 occupandam
1452 944 1564 1000 Ur-

281 1028 464 1087 aobem
494 1052 505 1085 ε
535 1027 678 1086 nihil
715 1027 774 1084 in
813 1025 1101 1084 discordiis
1140 1024 1394 1084 civilibus
1418 1022 1563 1084 festi-

283 1112 559 1170 aenatione
607 1110 777 1169 tutius
804 1156 821 1182 ,
850 1110 948 1169 ubi
977 1107 1125 1167 fadto
1155 1110 1364 1191 magiS,
1389 1108 1562 1189 quam

283 1194 583 1255 :sconsulto
616 1242 633 1266 ‚
683 1216 821 1276 opus
858 1191 1007 1252 esset.
1032 1220 1066 1245 ³0
1116 1192 1407 1274 Torpebat
1449 1194 1563 1253 Vi-

286 1278 473 1340 tellius
506 1326 523 1351 ,
578 1286 636 1338 &
682 1274 968 1336 fortunam
1008 1274 1343 1358 principatus
1392 1275 1562 1336 inerti

286 1363 418 1422 luxu
472 1386 535 1421 ac
599 1360 848 1444 prodigis
907 1358 1082 1442 epulis
1152 1357 1512 1442 praesumebat
1540 1406 1560 1432 ,

279 1446 483 1508 medio
509 1446 624 1505 diei
653 1443 994 1504 temulentus
1009 1490 1027 1516 ,
1052 1450 1109 1503 δέ
1134 1441 1319 1524 sagina
1342 1443 1518 1524 gravis
1545 1467 1559 1502 z

284 1530 418 1591 cum
474 1550 666 1589 tamen
705 1528 870 1587 ardor
915 1536 972 1588 δε
1015 1526 1094 1586 vis
1122 1526 1372 1584 militum
1412 1524 1562 1584 ultro

285 1614 441 1675 ducis
478 1614 672 1674 munia
704 1610 978 1693 implebat
1000 1657 1016 1682 ‚
1056 1631 1117 1669 ut
1143 1609 1182 1667 fi
1209 1606 1416 1668 adesset
1445 1611 1563 1667 Im·

286 1719 507 1783 perator
528 1745 545 1769 ,
591 1706 648 1757 &
682 1696 910 1755 strenuis
935 1743 950 1768 ‚
989 1692 1081 1753 vel
1116 1693 1328 1776 ignavis
1351 1740 1367 1764 ‚
1404 1691 1563 1774 spem

287 1804 621 1862 metumque
660 1779 911 1839 adderet.
954 1777 1208 1836 instructi
1244 1778 1563 1856 intentique

286 1865 554 1949 „signum
595 1862 958 1945 profe&i01iis
1001 1890 1035 1914 ο)
1088 1859 1404 1943 exposcunt.
1442 1861 1565 1918 No-

286 1973 423 2009 men
450 1952 758 2008 Germ'anici
782 1944 1023 2007 Vitellio
1048 1945 1230 2003 statim
1260 1942 1520 2002 additum
1546 1967 1559 2003 ι

289 2032 539 2109 Caefizrem
579 2029 632 2090 se
663 2029 926 2114 appellari
953 2077 969 2101 ‚
1012 2028 1184 2087 etiam
1222 2028 1396 2086 victor
1430 2049 1559 2108 pro-

286 2117 489 2177 hibuit.
525 2118 743 2173 Laetum
768 2113 1062 2196 augurium
1086 2111 1253 2169 Fabio
1283 2109 1513 2170 Valenti
1535 2157 1553 2183 ,

287 2199 666 2279 exercituique
692 2246 707 2270 ,
766 2220 939 2277 quem
971 2196 1031 2253 in
1069 2193 1286 2254 bellum
1316 2193 1515 2275 agebat
1537 2239 1556 2266 ,

284 2283 404 2367 ipso
434 2279 794 2365 profectionis
817 2280 908 2339 die
930 2328 946 2351 ‚
982 2277 1166 2359 aquila
1196 2276 1308 2335 leni
1335 2298 1556 2350 meam,

287 2387 452 2452 prout
486 2387 690 2447 agmen
730 2363 1017 2422 incederet
1037 2409 1053 2433 ,
1094 2359 1245 2419 velut
1271 2359 1380 2417 dux
1408 2361 1506 2419 viae
1535 2406 1556 2432 ,

281 2447 598 2536 praevolavit
631 2471 644 2504 ι
671 2447 1018 2528 longumque
1056 2466 1150 2527 per
1176 2442 1413 2524 spatium
1436 2491 1453 2516 ‚
1508 2444 1555 2502 is

286 2531 654 2616 gaudentium
699 2531 948 2588 militum
991 2528 1204 2587 clamor
1232 2575 1248 2599 ,
1289 2550 1353 2586 ea
1395 2525 1555 2606 quies

284 2617 550 2679 interritae
603 2614 747 2677 alitis
799 2612 908 2678 fuit
925 2660 945 2691 ,
990 2634 1051 2678 ut
1104 2610 1255 2676 haud
1311 2609 1557 2701 dubium.
