<?xml version="1.0" encoding="UTF-8"?>
<!DOCTYPE html PUBLIC "-//W3C//DTD XHTML 1.0 Transitional//EN"
    "http://www.w3.org/TR/xhtml1/DTD/xhtml1-transitional.dtd">
<html xmlns="http://www.w3.org/1999/xhtml" xml:lang="en" lang="en">
 <head>
  <title>
</title>
<meta http-equiv="Content-Type" content="text/html;charset=utf-8" />
  <meta name='ocr-system' content='tesseract 3.04.00' />
  <meta name='ocr-capabilities' content='ocr_page ocr_carea ocr_par ocr_line ocrx_word'/>
</head>
<body>
  <div class='ocr_page' id='page_1' title='image "./ccorneliitacitio04taci_0528.png"; bbox 0 0 1659 2928; ppageno 0'>
   <div class='ocr_carea' id='block_1_1' title="bbox 182 130 1469 497">
    <p class='ocr_par' dir='ltr' id='par_1_1' title="bbox 182 130 1259 213">
     <span class='ocr_line' id='line_1_1' title="bbox 182 130 1259 213; baseline 0.007 -23"><span class='ocrx_word' id='word_1_1' title='bbox 182 148 307 213; x_wconf 57' lang='lat'>&#39;3220</span> <span class='ocrx_word' id='word_1_2' title='bbox 412 130 489 191; x_wconf 67' lang='lat' dir='ltr'><strong>IN</strong></span> <span class='ocrx_word' id='word_1_3' title='bbox 538 130 829 194; x_wconf 61' lang='lat' dir='ltr'><strong>Ermum</strong></span> <span class='ocrx_word' id='word_1_4' title='bbox 881 151 1126 210; x_wconf 72' lang='lat' dir='ltr'>QUART</span> <span class='ocrx_word' id='word_1_5' title='bbox 1145 163 1182 200; x_wconf 86' lang='lat' dir='ltr'>U</span> <span class='ocrx_word' id='word_1_6' title='bbox 1203 151 1259 198; x_wconf 76' lang='lat' dir='ltr'>M</span> 
     </span>
    </p>

    <p class='ocr_par' dir='ltr' id='par_1_2' title="bbox 185 229 1469 430">
     <span class='ocr_line' id='line_1_2' title="bbox 185 229 1463 347; baseline 0.005 -68"><span class='ocrx_word' id='word_1_7' title='bbox 185 247 310 347; x_wconf 56' lang='grc' dir='ltr'><strong>ἕως</strong></span> <span class='ocrx_word' id='word_1_8' title='bbox 329 229 509 283; x_wconf 77' lang='lat' dir='ltr'><strong>Samen</strong></span> <span class='ocrx_word' id='word_1_9' title='bbox 526 273 542 298; x_wconf 90' lang='lat'>‚</span> <span class='ocrx_word' id='word_1_10' title='bbox 577 233 894 283; x_wconf 88' lang='lat' dir='ltr'><strong>detinebantur</strong></span> <span class='ocrx_word' id='word_1_11' title='bbox 913 253 930 299; x_wconf 83' lang='lat'>3</span> <span class='ocrx_word' id='word_1_12' title='bbox 966 252 1014 285; x_wconf 91' lang='lat' dir='ltr'><strong>ut</strong></span> <span class='ocrx_word' id='word_1_13' title='bbox 1042 237 1215 286; x_wconf 57' lang='lat' dir='ltr'><strong>diii-um</strong></span> <span class='ocrx_word' id='word_1_14' title='bbox 1237 238 1299 287; x_wconf 90' lang='lat' dir='ltr'><strong>est</strong></span> <span class='ocrx_word' id='word_1_15' title='bbox 1324 231 1463 302; x_wconf 51' lang='lat' dir='ltr'><strong>supr}</strong></span> 
     </span>
     <span class='ocr_line' id='line_1_3' title="bbox 235 315 1469 430; baseline 0.009 -20"><span class='ocrx_word' id='word_1_16' title='bbox 235 315 593 416; x_wconf 47' lang='lat' dir='ltr'><strong>aEc’zg‘ssi&#39;damno·</strong></span> <span class='ocrx_word' id='word_1_17' title='bbox 615 364 761 430; x_wconf 90' lang='lat' dir='ltr'><strong>Quod</strong></span> <span class='ocrx_word' id='word_1_18' title='bbox 781 368 1001 417; x_wconf 88' lang='lat' dir='ltr'><strong>damnum</strong></span> <span class='ocrx_word' id='word_1_19' title='bbox 1025 367 1158 420; x_wconf 73' lang='lat' dir='ltr'><strong>facile</strong></span> <span class='ocrx_word' id='word_1_20' title='bbox 1181 369 1469 426; x_wconf 61' lang='lat' dir='ltr'><strong>tolerabatur·</strong></span> 
     </span>
    </p>

    <p class='ocr_par' dir='ltr' id='par_1_3' title="bbox 184 431 966 497">
     <span class='ocr_line' id='line_1_4' title="bbox 184 431 966 497; baseline 0.008 -19"><span class='ocrx_word' id='word_1_21' title='bbox 184 446 377 497; x_wconf 84' lang='lat' dir='ltr'><strong>propter</strong></span> <span class='ocrx_word' id='word_1_22' title='bbox 396 431 592 481; x_wconf 90' lang='lat' dir='ltr'><strong>militum</strong></span> <span class='ocrx_word' id='word_1_23' title='bbox 612 435 966 484; x_wconf 79' lang='lat' dir='ltr'><strong>multitudinem.</strong></span> 
     </span>
    </p>
   </div>
   <div class='ocr_carea' id='block_1_2' title="bbox 180 561 1470 1165">
    <p class='ocr_par' dir='ltr' id='par_1_4' title="bbox 187 561 1470 761">
     <span class='ocr_line' id='line_1_5' title="bbox 252 561 1464 635; baseline 0.002 -23"><span class='ocrx_word' id='word_1_24' title='bbox 252 561 380 612; x_wconf 63' lang='lat' dir='ltr'><strong>CAP.</strong></span> <span class='ocrx_word' id='word_1_25' title='bbox 401 561 596 617; x_wconf 88' lang='lat' dir='ltr'><strong>XXIX.</strong></span> <span class='ocrx_word' id='word_1_26' title='bbox 628 567 726 617; x_wconf 78' lang='lat' dir='ltr'><strong>Aut</strong></span> <span class='ocrx_word' id='word_1_27' title='bbox 747 565 1016 635; x_wconf 78' lang='lat' dir='ltr'><strong>insignibus.</strong></span> <span class='ocrx_word' id='word_1_28' title='bbox 1051 568 1233 635; x_wconf 84' lang='lat' dir='ltr'><strong>Quibus</strong></span> <span class='ocrx_word' id='word_1_29' title='bbox 1257 566 1464 632; x_wconf 72' lang='lat' dir='ltr'><strong>locuple⁴</strong></span> 
     </span>
     <span class='ocr_line' id='line_1_6' title="bbox 187 626 1470 700; baseline 0.005 -23"><span class='ocrx_word' id='word_1_30' title='bbox 187 626 370 689; x_wconf 81' lang='lat' dir='ltr'><strong>tiffimi,</strong></span> <span class='ocrx_word' id='word_1_31' title='bbox 408 647 484 679; x_wconf 90' lang='lat' dir='ltr'><strong>aut</strong></span> <span class='ocrx_word' id='word_1_32' title='bbox 522 634 592 693; x_wconf 91' lang='lat' dir='ltr'><strong>ii,</strong></span> <span class='ocrx_word' id='word_1_33' title='bbox 639 632 802 700; x_wconf 87' lang='lat' dir='ltr'><strong>quibus</strong></span> <span class='ocrx_word' id='word_1_34' title='bbox 846 634 1076 686; x_wconf 87' lang='lat' dir='ltr'><strong>honorata</strong></span> <span class='ocrx_word' id='word_1_35' title='bbox 1125 652 1220 687; x_wconf 88' lang='lat' dir='ltr'><strong>erat</strong></span> <span class='ocrx_word' id='word_1_36' title='bbox 1260 634 1425 683; x_wconf 86' lang='lat' dir='ltr'><strong>militia</strong></span> <span class='ocrx_word' id='word_1_37' title='bbox 1445 662 1470 696; x_wconf 89' lang='lat'><strong>,-</strong></span> 
     </span>
     <span class='ocr_line' id='line_1_7' title="bbox 187 695 592 761; baseline 0.005 -17"><span class='ocrx_word' id='word_1_38' title='bbox 187 695 592 761; x_wconf 83' lang='lat' dir='ltr'><strong>distinguebantur.</strong></span> 
     </span>
    </p>

    <p class='ocr_par' dir='ltr' id='par_1_5' title="bbox 180 759 1466 1165">
     <span class='ocr_line' id='line_1_8' title="bbox 251 759 1463 834; baseline 0.004 -25"><span class='ocrx_word' id='word_1_39' title='bbox 251 759 456 812; x_wconf 77' lang='lat' dir='ltr'><strong>Tendere</strong></span> <span class='ocrx_word' id='word_1_40' title='bbox 489 781 638 815; x_wconf 80' lang='lat' dir='ltr'><strong>arcus.</strong></span> <span class='ocrx_word' id='word_1_41' title='bbox 676 766 752 816; x_wconf 78' lang='lat' dir='ltr'><strong>Ita&#39;=</strong></span> <span class='ocrx_word' id='word_1_42' title='bbox 773 764 879 816; x_wconf 80' lang='lat' dir='ltr'><strong>libri</strong></span> <span class='ocrx_word' id='word_1_43' title='bbox 899 782 1062 817; x_wconf 83' lang='lat' dir='ltr'><strong>omnes</strong></span> <span class='ocrx_word' id='word_1_44' title='bbox 1087 766 1240 834; x_wconf 80' lang='lat' dir='ltr'><strong>scripti</strong></span> <span class='ocrx_word' id='word_1_45' title='bbox 1264 773 1317 814; x_wconf 71' lang='lat'><strong>&amp;‘</strong></span> <span class='ocrx_word' id='word_1_46' title='bbox 1334 765 1463 815; x_wconf 68' lang='lat' dir='ltr'><strong>editi«</strong></span> 
     </span>
     <span class='ocr_line' id='line_1_9' title="bbox 187 824 1463 901; baseline 0.005 -26"><span class='ocrx_word' id='word_1_47' title='bbox 187 824 352 876; x_wconf 85' lang='lat' dir='ltr'><strong>Mallet</strong></span> <span class='ocrx_word' id='word_1_48' title='bbox 383 846 535 878; x_wconf 88' lang='lat' dir='ltr'><strong>tamen</strong></span> <span class='ocrx_word' id='word_1_49' title='bbox 559 831 739 896; x_wconf 76' lang='lat' dir='ltr'><strong>Lipsius</strong></span> <span class='ocrx_word' id='word_1_50' title='bbox 767 834 949 884; x_wconf 80' lang='lat' dir='ltr'><strong>tendere</strong></span> <span class='ocrx_word' id='word_1_51' title='bbox 983 834 1162 893; x_wconf 74' lang='lat' dir='ltr'><strong>armi55</strong></span> <span class='ocrx_word' id='word_1_52' title='bbox 1199 833 1463 901; x_wconf 80' lang='lat' dir='ltr'><strong>probatque</strong></span> 
     </span>
     <span class='ocr_line' id='line_1_10' title="bbox 187 893 1461 949; baseline 0.004 -6"><span class='ocrx_word' id='word_1_53' title='bbox 187 893 264 943; x_wconf 82' lang='lat' dir='ltr'><strong>Cl.</strong></span> <span class='ocrx_word' id='word_1_54' title='bbox 304 893 533 945; x_wconf 85' lang='lat' dir='ltr'><strong>Ernestus.</strong></span> <span class='ocrx_word' id='word_1_55' title='bbox 586 898 719 947; x_wconf 88' lang='lat' dir='ltr'><strong>Nihil</strong></span> <span class='ocrx_word' id='word_1_56' title='bbox 755 903 1042 949; x_wconf 85' lang='lat' dir='ltr'><strong>mutaverim.</strong></span> <span class='ocrx_word' id='word_1_57' title='bbox 1089 899 1196 948; x_wconf 87' lang='lat' dir='ltr'><strong>Nec</strong></span> <span class='ocrx_word' id='word_1_58' title='bbox 1236 898 1317 948; x_wconf 89' lang='lat' dir='ltr'><strong>nifi</strong></span> <span class='ocrx_word' id='word_1_59' title='bbox 1351 915 1461 948; x_wconf 84' lang='lat' dir='ltr'><strong>arcu</strong></span> 
     </span>
     <span class='ocr_line' id='line_1_11' title="bbox 187 958 1464 1027; baseline 0.003 -17"><span class='ocrx_word' id='word_1_60' title='bbox 187 958 374 1027; x_wconf 81' lang='lat' dir='ltr'><strong>telisque</strong></span> <span class='ocrx_word' id='word_1_61' title='bbox 412 961 650 1012; x_wconf 87' lang='lat' dir='ltr'><strong>Romanos</strong></span> <span class='ocrx_word' id='word_1_62' title='bbox 693 983 718 1013; x_wconf 90' lang='lat' dir='ltr'><strong>e</strong></span> <span class='ocrx_word' id='word_1_63' title='bbox 760 965 945 1015; x_wconf 86' lang='lat' dir='ltr'><strong>summis</strong></span> <span class='ocrx_word' id='word_1_64' title='bbox 988 969 1235 1016; x_wconf 87' lang='lat' dir='ltr'><strong>castrorum</strong></span> <span class='ocrx_word' id='word_1_65' title='bbox 1277 964 1464 1014; x_wconf 87' lang='lat' dir='ltr'><strong>suorum</strong></span> 
     </span>
     <span class='ocr_line' id='line_1_12' title="bbox 181 1027 1466 1099; baseline 0.009 -26"><span class='ocrx_word' id='word_1_66' title='bbox 181 1027 411 1076; x_wconf 87' lang='lat' dir='ltr'><strong>moenibus</strong></span> <span class='ocrx_word' id='word_1_67' title='bbox 438 1067 452 1090; x_wconf 89' lang='lat'>‚</span> <span class='ocrx_word' id='word_1_68' title='bbox 496 1032 584 1078; x_wconf 88' lang='lat' dir='ltr'><strong>tela</strong></span> <span class='ocrx_word' id='word_1_69' title='bbox 609 1068 622 1090; x_wconf 91' lang='lat'>,</span> <span class='ocrx_word' id='word_1_70' title='bbox 665 1031 850 1081; x_wconf 88' lang='lat' dir='ltr'><strong>ferratas</strong></span> <span class='ocrx_word' id='word_1_71' title='bbox 889 1032 1016 1081; x_wconf 90' lang='lat' dir='ltr'><strong>sudes</strong></span> <span class='ocrx_word' id='word_1_72' title='bbox 1036 1072 1048 1092; x_wconf 92' lang='lat'>,</span> <span class='ocrx_word' id='word_1_73' title='bbox 1090 1039 1135 1080; x_wconf 87' lang='lat'>&amp;</span> <span class='ocrx_word' id='word_1_74' title='bbox 1169 1034 1329 1099; x_wconf 87' lang='lat' dir='ltr'><strong>gravia</strong></span> <span class='ocrx_word' id='word_1_75' title='bbox 1357 1030 1466 1084; x_wconf 77' lang='lat' dir='ltr'><strong>saxa</strong></span> 
     </span>
     <span class='ocr_line' id='line_1_13' title="bbox 180 1093 1188 1165; baseline 0.004 -23"><span class='ocrx_word' id='word_1_76' title='bbox 180 1093 492 1158; x_wconf 87' lang='lat' dir='ltr'><strong>ejaculantes‚</strong></span> <span class='ocrx_word' id='word_1_77' title='bbox 528 1095 739 1147; x_wconf 77' lang='lat' dir='ltr'><strong>lacessere</strong></span> <span class='ocrx_word' id='word_1_78' title='bbox 768 1116 984 1165; x_wconf 87' lang='lat' dir='ltr'><strong>poterant</strong></span> <span class='ocrx_word' id='word_1_79' title='bbox 1013 1100 1188 1148; x_wconf 86' lang='lat' dir='ltr'><strong>Batavi.</strong></span> 
     </span>
    </p>
   </div>
   <div class='ocr_carea' id='block_1_3' title="bbox 181 1167 1476 2225">
    <p class='ocr_par' dir='ltr' id='par_1_6' title="bbox 1411 1167 1427 1183">
     <span class='ocr_line' id='line_1_14' title="bbox 1411 1167 1427 1183; baseline 0 0"><span class='ocrx_word' id='word_1_80' title='bbox 1411 1167 1427 1183; x_wconf 53' lang='grc' dir='ltr'><strong>’ἦ</strong></span> 
     </span>
    </p>

    <p class='ocr_par' dir='ltr' id='par_1_7' title="bbox 181 1219 1472 1360">
     <span class='ocr_line' id='line_1_15' title="bbox 253 1219 1472 1282; baseline 0.006 -7"><span class='ocrx_word' id='word_1_81' title='bbox 253 1219 378 1277; x_wconf 80' lang='lat' dir='ltr'><strong>CAP.</strong></span> <span class='ocrx_word' id='word_1_82' title='bbox 397 1228 569 1279; x_wconf 73' lang='lat' dir='ltr'><strong>XXX,</strong></span> <span class='ocrx_word' id='word_1_83' title='bbox 592 1229 790 1282; x_wconf 74' lang='lat' dir='ltr'><strong>Turrim.</strong></span> <span class='ocrx_word' id='word_1_84' title='bbox 812 1232 890 1282; x_wconf 82' lang='lat' dir='ltr'><strong>De</strong></span> <span class='ocrx_word' id='word_1_85' title='bbox 911 1231 980 1281; x_wconf 86' lang='lat' dir='ltr'><strong>his</strong></span> <span class='ocrx_word' id='word_1_86' title='bbox 1002 1231 1194 1282; x_wconf 84' lang='lat' dir='ltr'><strong>turribus</strong></span> <span class='ocrx_word' id='word_1_87' title='bbox 1214 1230 1385 1280; x_wconf 59' lang='lat' dir='ltr'><strong>dietum</strong></span> <span class='ocrx_word' id='word_1_88' title='bbox 1406 1229 1472 1282; x_wconf 59' lang='lat' dir='ltr'><strong>ac}</strong></span> 
     </span>
     <span class='ocr_line' id='line_1_16' title="bbox 181 1289 516 1360; baseline 0.009 -17"><span class='ocrx_word' id='word_1_89' title='bbox 181 1289 305 1343; x_wconf 80' lang='lat' dir='ltr'><strong>Hist.</strong></span> <span class='ocrx_word' id='word_1_90' title='bbox 322 1295 410 1357; x_wconf 86' lang='lat' dir='ltr'><strong>IV,</strong></span> <span class='ocrx_word' id='word_1_91' title='bbox 439 1315 516 1360; x_wconf 87' lang='lat'><strong>23.</strong></span> 
     </span>
    </p>

    <p class='ocr_par' dir='ltr' id='par_1_8' title="bbox 182 1358 1469 1559">
     <span class='ocr_line' id='line_1_17' title="bbox 251 1358 1468 1431; baseline 0.002 -23"><span class='ocrx_word' id='word_1_92' title='bbox 251 1358 492 1412; x_wconf 83' lang='lat' dir='ltr'><strong>Praetoriae</strong></span> <span class='ocrx_word' id='word_1_93' title='bbox 521 1379 677 1425; x_wconf 77' lang='lat' dir='ltr'><strong>portae.</strong></span> <span class='ocrx_word' id='word_1_94' title='bbox 709 1365 765 1412; x_wconf 93' lang='lat' dir='ltr'><strong>In</strong></span> <span class='ocrx_word' id='word_1_95' title='bbox 796 1365 945 1413; x_wconf 84' lang='lat' dir='ltr'><strong>castris</strong></span> <span class='ocrx_word' id='word_1_96' title='bbox 976 1369 1190 1431; x_wconf 86' lang='lat' dir='ltr'><strong>praetoria</strong></span> <span class='ocrx_word' id='word_1_97' title='bbox 1217 1381 1353 1431; x_wconf 88' lang='lat' dir='ltr'><strong>porta</strong></span> <span class='ocrx_word' id='word_1_98' title='bbox 1379 1362 1468 1412; x_wconf 79' lang='lat' dir='ltr'><strong>de-</strong></span> 
     </span>
     <span class='ocr_line' id='line_1_18' title="bbox 182 1429 1469 1499; baseline 0.005 -25"><span class='ocrx_word' id='word_1_99' title='bbox 182 1441 390 1477; x_wconf 85' lang='lat' dir='ltr'><strong>cumanae</strong></span> <span class='ocrx_word' id='word_1_100' title='bbox 416 1446 560 1495; x_wconf 85' lang='lat' dir='ltr'><strong>portae</strong></span> <span class='ocrx_word' id='word_1_101' title='bbox 593 1448 688 1480; x_wconf 86' lang='lat' dir='ltr'><strong>erat</strong></span> <span class='ocrx_word' id='word_1_102' title='bbox 715 1431 943 1498; x_wconf 86' lang='lat' dir='ltr'><strong>oppofita.</strong></span> <span class='ocrx_word' id='word_1_103' title='bbox 983 1433 1062 1483; x_wconf 91' lang='lat' dir='ltr'><strong>De</strong></span> <span class='ocrx_word' id='word_1_104' title='bbox 1089 1434 1159 1482; x_wconf 85' lang='lat' dir='ltr'><strong>his</strong></span> <span class='ocrx_word' id='word_1_105' title='bbox 1190 1434 1335 1499; x_wconf 79' lang='lat' dir='ltr'><strong>portis</strong></span> <span class='ocrx_word' id='word_1_106' title='bbox 1359 1429 1469 1481; x_wconf 81' lang='lat' dir='ltr'><strong>vid&#39;e</strong></span> 
     </span>
     <span class='ocr_line' id='line_1_19' title="bbox 183 1491 700 1559; baseline 0.014 -19"><span class='ocrx_word' id='word_1_107' title='bbox 183 1491 318 1559; x_wconf 63' lang='lat' dir='ltr'><strong>supra</strong></span> <span class='ocrx_word' id='word_1_108' title='bbox 338 1496 512 1545; x_wconf 90' lang='lat' dir='ltr'><strong>Annal.</strong></span> <span class='ocrx_word' id='word_1_109' title='bbox 535 1498 557 1545; x_wconf 94' lang='lat' dir='ltr'>I</span> <span class='ocrx_word' id='word_1_110' title='bbox 577 1536 590 1558; x_wconf 88' lang='lat'>,</span> <span class='ocrx_word' id='word_1_111' title='bbox 623 1507 700 1547; x_wconf 85' lang='lat'><strong>66.</strong></span> 
     </span>
    </p>

    <p class='ocr_par' dir='ltr' id='par_1_9' title="bbox 181 1558 1476 2225">
     <span class='ocr_line' id='line_1_20' title="bbox 248 1558 1467 1626; baseline 0.001 -18"><span class='ocrx_word' id='word_1_112' title='bbox 248 1558 519 1626; x_wconf 61' lang='lat' dir='ltr'><strong>Suspensum</strong></span> <span class='ocrx_word' id='word_1_113' title='bbox 552 1561 600 1612; x_wconf 57' lang='grc' dir='ltr'><strong>ἓν</strong></span> <span class='ocrx_word' id='word_1_114' title='bbox 634 1580 809 1613; x_wconf 76' lang='lat' dir='ltr'><strong>nutans</strong></span> <span class='ocrx_word' id='word_1_115' title='bbox 838 1563 1274 1614; x_wconf 77' lang='lat' dir='ltr'><strong>machinamentum.</strong></span> <span class='ocrx_word' id='word_1_116' title='bbox 1307 1561 1467 1624; x_wconf 80' lang='lat' dir='ltr'><strong>Hujus</strong></span> 
     </span>
     <span class='ocr_line' id='line_1_21' title="bbox 181 1626 1469 1691; baseline 0.002 -18"><span class='ocrx_word' id='word_1_117' title='bbox 181 1626 544 1677; x_wconf 76' lang='lat' dir='ltr'><strong>machinamenti</strong></span> <span class='ocrx_word' id='word_1_118' title='bbox 561 1631 779 1678; x_wconf 74' lang='lat' dir='ltr'><strong>inventor</strong></span> <span class='ocrx_word' id='word_1_119' title='bbox 794 1669 807 1691; x_wconf 92' lang='lat'>‚</span> <span class='ocrx_word' id='word_1_120' title='bbox 844 1633 912 1680; x_wconf 87' lang='lat' dir='ltr'><strong>vir</strong></span> <span class='ocrx_word' id='word_1_121' title='bbox 933 1631 1207 1679; x_wconf 87' lang='lat' dir='ltr'><strong>immortalis</strong></span> <span class='ocrx_word' id='word_1_122' title='bbox 1228 1630 1431 1677; x_wconf 88' lang='lat' dir='ltr'><strong>nominis</strong></span> <span class='ocrx_word' id='word_1_123' title='bbox 1453 1665 1469 1689; x_wconf 87' lang='lat'>‚</span> 
     </span>
     <span class='ocr_line' id='line_1_22' title="bbox 182 1691 1469 1763; baseline 0.002 -21"><span class='ocrx_word' id='word_1_124' title='bbox 182 1691 524 1755; x_wconf 67' lang='lat' dir='ltr'><strong>Archimedes,</strong></span> <span class='ocrx_word' id='word_1_125' title='bbox 559 1694 665 1742; x_wconf 68' lang='lat' dir='ltr'><strong>crim</strong></span> <span class='ocrx_word' id='word_1_126' title='bbox 696 1696 931 1763; x_wconf 85' lang='lat' dir='ltr'><strong>Syracusae</strong></span> <span class='ocrx_word' id='word_1_127' title='bbox 961 1715 987 1744; x_wconf 90' lang='lat' dir='ltr'><strong>a</strong></span> <span class='ocrx_word' id='word_1_128' title='bbox 1019 1696 1247 1744; x_wconf 86' lang='lat' dir='ltr'><strong>Marcello</strong></span> <span class='ocrx_word' id='word_1_129' title='bbox 1284 1694 1469 1744; x_wconf 85' lang='lat' dir='ltr'><strong>obfide-</strong></span> 
     </span>
     <span class='ocr_line' id='line_1_23' title="bbox 183 1760 1476 1830; baseline 0.001 -23"><span class='ocrx_word' id='word_1_130' title='bbox 183 1773 362 1822; x_wconf 78' lang='lat' dir='ltr'><strong>1entur3</strong></span> <span class='ocrx_word' id='word_1_131' title='bbox 379 1777 428 1809; x_wconf 94' lang='lat' dir='ltr'><strong>ut</strong></span> <span class='ocrx_word' id='word_1_132' title='bbox 441 1760 591 1809; x_wconf 88' lang='lat' dir='ltr'><strong>videre</strong></span> <span class='ocrx_word' id='word_1_133' title='bbox 610 1762 672 1809; x_wconf 88' lang='lat' dir='ltr'><strong>est</strong></span> <span class='ocrx_word' id='word_1_134' title='bbox 685 1762 809 1827; x_wconf 86' lang='lat' dir='ltr'><strong>apud</strong></span> <span class='ocrx_word' id='word_1_135' title='bbox 824 1762 1070 1830; x_wconf 89' lang='lat' dir='ltr'><strong>Polybium</strong></span> <span class='ocrx_word' id='word_1_136' title='bbox 1086 1761 1220 1822; x_wconf 85' lang='lat' dir='ltr'>VIII,</span> <span class='ocrx_word' id='word_1_137' title='bbox 1235 1776 1376 1827; x_wconf 53' lang='lat' dir='ltr'><strong>pag-25</strong></span> <span class='ocrx_word' id='word_1_138' title='bbox 1393 1776 1476 1819; x_wconf 57' lang='lat'><strong>17..</strong></span> 
     </span>
     <span class='ocr_line' id='line_1_24' title="bbox 184 1823 1469 1893; baseline 0.001 -20"><span class='ocrx_word' id='word_1_139' title='bbox 184 1823 354 1874; x_wconf 84' lang='lat' dir='ltr'><strong>Manus</strong></span> <span class='ocrx_word' id='word_1_140' title='bbox 386 1825 542 1875; x_wconf 81' lang='lat' dir='ltr'><strong>ferreae</strong></span> <span class='ocrx_word' id='word_1_141' title='bbox 569 1845 594 1875; x_wconf 90' lang='lat' dir='ltr'><strong>e</strong></span> <span class='ocrx_word' id='word_1_142' title='bbox 625 1828 850 1877; x_wconf 87' lang='lat' dir='ltr'><strong>machinis</strong></span> <span class='ocrx_word' id='word_1_143' title='bbox 882 1827 1080 1877; x_wconf 79' lang='lat' dir='ltr'><strong>demiffae</strong></span> <span class='ocrx_word' id='word_1_144' title='bbox 1112 1828 1328 1893; x_wconf 89' lang='lat' dir='ltr'><strong>abreptos</strong></span> <span class='ocrx_word' id='word_1_145' title='bbox 1361 1844 1469 1875; x_wconf 86' lang='lat' dir='ltr'><strong>cum</strong></span> 
     </span>
     <span class='ocr_line' id='line_1_25' title="bbox 183 1891 1467 1961; baseline 0.001 -20"><span class='ocrx_word' id='word_1_146' title='bbox 183 1891 301 1956; x_wconf 81' lang='lat' dir='ltr'><strong>ipfis·</strong></span> <span class='ocrx_word' id='word_1_147' title='bbox 329 1896 467 1942; x_wconf 87' lang='lat' dir='ltr'><strong>armis</strong></span> <span class='ocrx_word' id='word_1_148' title='bbox 507 1895 628 1942; x_wconf 88' lang='lat' dir='ltr'><strong>viros</strong></span> <span class='ocrx_word' id='word_1_149' title='bbox 669 1895 903 1958; x_wconf 65' lang='lat' dir='ltr'><strong>jactabant</strong></span> <span class='ocrx_word' id='word_1_150' title='bbox 942 1901 986 1943; x_wconf 89' lang='lat'>&amp;</span> <span class='ocrx_word' id='word_1_151' title='bbox 1025 1894 1292 1961; x_wconf 87' lang='lat' dir='ltr'><strong>affligebant</strong></span> <span class='ocrx_word' id='word_1_152' title='bbox 1327 1913 1339 1942; x_wconf 71' lang='grc' dir='ltr'><em>τ</em></span> <span class='ocrx_word' id='word_1_153' title='bbox 1396 1893 1467 1943; x_wconf 70' lang='grc' dir='ltr'><strong>σὺν</strong></span> 
     </span>
     <span class='ocr_line' id='line_1_26' title="bbox 183 1958 1467 2027; baseline 0.002 -19"><span class='ocrx_word' id='word_1_154' title='bbox 183 1963 327 2012; x_wconf 67' lang='grc' dir='ltr'><strong><em>αὐτοῖς</em></strong></span> <span class='ocrx_word' id='word_1_155' title='bbox 345 1959 430 2026; x_wconf 65' lang='grc' dir='ltr'><strong>γὰρ</strong></span> <span class='ocrx_word' id='word_1_156' title='bbox 450 1963 539 2014; x_wconf 67' lang='grc' dir='ltr'><strong>τοῖς</strong></span> <span class='ocrx_word' id='word_1_157' title='bbox 557 1959 707 2014; x_wconf 66' lang='grc' dir='ltr'><strong>’ὅπλοις</strong></span> <span class='ocrx_word' id='word_1_158' title='bbox 725 1960 800 2015; x_wconf 63' lang='grc' dir='ltr'><strong>τὲς</strong></span> <span class='ocrx_word' id='word_1_159' title='bbox 821 1961 977 2026; x_wconf 51' lang='grc' dir='ltr'><strong>ἄνδρας</strong></span> <span class='ocrx_word' id='word_1_160' title='bbox 1001 1962 1232 2026; x_wconf 69' lang='grc' dir='ltr'><strong><em>ἒξωιρὲντες</em></strong></span> <span class='ocrx_word' id='word_1_161' title='bbox 1255 1958 1467 2027; x_wconf 49' lang='lat' dir='ltr'><strong>{fibra-89·-</strong></span> 
     </span>
     <span class='ocr_line' id='line_1_27' title="bbox 185 2023 1470 2093; baseline 0.001 -20"><span class='ocrx_word' id='word_1_162' title='bbox 185 2023 426 2075; x_wconf 90' lang='lat' dir='ltr'><strong>Harumce</strong></span> <span class='ocrx_word' id='word_1_163' title='bbox 451 2026 772 2075; x_wconf 87' lang='lat' dir='ltr'><strong>machinarum</strong></span> <span class='ocrx_word' id='word_1_164' title='bbox 801 2027 1041 2076; x_wconf 88' lang='lat' dir='ltr'><strong>artificium</strong></span> <span class='ocrx_word' id='word_1_165' title='bbox 1073 2027 1278 2093; x_wconf 86' lang='lat' dir='ltr'><strong>pluribus</strong></span> <span class='ocrx_word' id='word_1_166' title='bbox 1306 2023 1470 2075; x_wconf 83' lang='lat' dir='ltr'><strong>descri-</strong></span> 
     </span>
     <span class='ocr_line' id='line_1_28' title="bbox 185 2090 1476 2161; baseline 0.002 -22"><span class='ocrx_word' id='word_1_167' title='bbox 185 2090 251 2139; x_wconf 87' lang='lat' dir='ltr'><strong>bit</strong></span> <span class='ocrx_word' id='word_1_168' title='bbox 277 2092 497 2161; x_wconf 90' lang='lat' dir='ltr'><strong>Polybius</strong></span> <span class='ocrx_word' id='word_1_169' title='bbox 517 2094 609 2142; x_wconf 93' lang='lat' dir='ltr'><strong>loc.</strong></span> <span class='ocrx_word' id='word_1_170' title='bbox 633 2095 707 2143; x_wconf 90' lang='lat' dir='ltr'><strong>cit.</strong></span> <span class='ocrx_word' id='word_1_171' title='bbox 735 2093 855 2157; x_wconf 89' lang='lat' dir='ltr'><strong>Quae</strong></span> <span class='ocrx_word' id='word_1_172' title='bbox 881 2111 1037 2143; x_wconf 87' lang='lat' dir='ltr'><strong>tamen</strong></span> <span class='ocrx_word' id='word_1_173' title='bbox 1062 2093 1210 2142; x_wconf 64' lang='lat' dir='ltr'><strong>fidem‘-</strong></span> <span class='ocrx_word' id='word_1_174' title='bbox 1222 2095 1295 2141; x_wconf 88' lang='lat' dir='ltr'><strong>vix</strong></span> <span class='ocrx_word' id='word_1_175' title='bbox 1317 2091 1476 2142; x_wconf 71' lang='lat' dir='ltr'><strong>adhue:</strong></span> 
     </span>
     <span class='ocr_line' id='line_1_29' title="bbox 184 2157 1470 2225; baseline 0 -20"><span class='ocrx_word' id='word_1_176' title='bbox 184 2157 445 2207; x_wconf 82' lang='lat' dir='ltr'><strong>obtinerent</strong></span> <span class='ocrx_word' id='word_1_177' title='bbox 463 2197 481 2219; x_wconf 87' lang='grc'><strong>,.</strong></span> <span class='ocrx_word' id='word_1_178' title='bbox 513 2161 561 2207; x_wconf 80' lang='lat' dir='ltr'><strong>ni</strong></span> <span class='ocrx_word' id='word_1_179' title='bbox 594 2158 826 2225; x_wconf 80' lang='lat' dir='ltr'><strong>superiore</strong></span> <span class='ocrx_word' id='word_1_180' title='bbox 856 2158 1017 2209; x_wconf 85' lang='lat' dir='ltr'><strong>saeculo</strong></span> <span class='ocrx_word' id='word_1_181' title='bbox 1050 2160 1127 2209; x_wconf 85' lang='lat' dir='ltr'><strong>Cl.</strong></span> <span class='ocrx_word' id='word_1_182' title='bbox 1148 2158 1430 2207; x_wconf 69' lang='lat' dir='ltr'><strong>Trewleben</strong></span> <span class='ocrx_word' id='word_1_183' title='bbox 1449 2195 1470 2221; x_wconf 83' lang='lat'>‚</span> 
     </span>
    </p>
   </div>
   <div class='ocr_carea' id='block_1_4' title="bbox 183 2224 1530 2286">
    <p class='ocr_par' dir='ltr' id='par_1_10' title="bbox 183 2224 1530 2286">
     <span class='ocr_line' id='line_1_30' title="bbox 183 2224 1530 2286; baseline 0 -14"><span class='ocrx_word' id='word_1_184' title='bbox 183 2240 351 2273; x_wconf 81' lang='lat' dir='ltr'><strong>manus</strong></span> <span class='ocrx_word' id='word_1_185' title='bbox 398 2224 564 2274; x_wconf 80' lang='lat' dir='ltr'><strong>ferreas</strong></span> <span class='ocrx_word' id='word_1_186' title='bbox 608 2226 902 2275; x_wconf 87' lang='lat' dir='ltr'><strong>Archimedis</strong></span> <span class='ocrx_word' id='word_1_187' title='bbox 949 2227 1184 2274; x_wconf 85' lang='lat' dir='ltr'><strong>aemulatus</strong></span> <span class='ocrx_word' id='word_1_188' title='bbox 1211 2264 1225 2286; x_wconf 88' lang='lat'>,</span> <span class='ocrx_word' id='word_1_189' title='bbox 1268 2224 1470 2285; x_wconf 62' lang='lat' dir='ltr'><strong>eadem,</strong></span> <span class='ocrx_word' id='word_1_190' title='bbox 1528 2224 1530 2226; x_wconf 60' lang='grc'><strong><em>’</em></strong></span> 
     </span>
    </p>
   </div>
   <div class='ocr_carea' id='block_1_5' title="bbox 183 2290 1468 2556">
    <p class='ocr_par' dir='ltr' id='par_1_11' title="bbox 183 2290 1468 2556">
     <span class='ocr_line' id='line_1_31' title="bbox 184 2290 1468 2357; baseline 0 -19"><span class='ocrx_word' id='word_1_191' title='bbox 184 2305 324 2357; x_wconf 85' lang='lat' dir='ltr'><strong>atque</strong></span> <span class='ocrx_word' id='word_1_192' title='bbox 348 2292 529 2340; x_wconf 86' lang='lat' dir='ltr'><strong>utiliore</strong></span> <span class='ocrx_word' id='word_1_193' title='bbox 549 2331 562 2351; x_wconf 84' lang='lat'>‚</span> <span class='ocrx_word' id='word_1_194' title='bbox 595 2309 690 2341; x_wconf 88' lang='lat' dir='ltr'><strong>arte</strong></span> <span class='ocrx_word' id='word_1_195' title='bbox 710 2331 724 2352; x_wconf 87' lang='lat'>‚</span> <span class='ocrx_word' id='word_1_196' title='bbox 754 2293 910 2340; x_wconf 89' lang='lat' dir='ltr'><strong>medio</strong></span> <span class='ocrx_word' id='word_1_197' title='bbox 933 2295 1048 2341; x_wconf 89' lang='lat' dir='ltr'><strong>mari</strong></span> <span class='ocrx_word' id='word_1_198' title='bbox 1069 2330 1082 2352; x_wconf 89' lang='lat'>‚</span> <span class='ocrx_word' id='word_1_199' title='bbox 1121 2310 1146 2338; x_wconf 87' lang='lat' dir='ltr'><strong>e</strong></span> <span class='ocrx_word' id='word_1_200' title='bbox 1169 2290 1360 2339; x_wconf 87' lang='lat' dir='ltr'><strong>navibus</strong></span> <span class='ocrx_word' id='word_1_201' title='bbox 1382 2306 1468 2356; x_wconf 76' lang='lat' dir='ltr'><strong>per</strong></span> 
     </span>
     <span class='ocr_line' id='line_1_32' title="bbox 183 2356 1465 2423; baseline -0.001 -18"><span class='ocrx_word' id='word_1_202' title='bbox 183 2357 337 2423; x_wconf 85' lang='lat' dir='ltr'><strong>plures</strong></span> <span class='ocrx_word' id='word_1_203' title='bbox 355 2374 504 2405; x_wconf 92' lang='lat' dir='ltr'><strong>annos</strong></span> <span class='ocrx_word' id='word_1_204' title='bbox 532 2356 764 2407; x_wconf 75' lang='lat' dir='ltr'><strong>submersis</strong></span> <span class='ocrx_word' id='word_1_205' title='bbox 782 2396 795 2418; x_wconf 85' lang='lat'>,</span> <span class='ocrx_word' id='word_1_206' title='bbox 818 2366 862 2406; x_wconf 91' lang='lat'>&amp;</span> <span class='ocrx_word' id='word_1_207' title='bbox 885 2357 964 2406; x_wconf 91' lang='lat' dir='ltr'><strong>sub</strong></span> <span class='ocrx_word' id='word_1_208' title='bbox 984 2357 1123 2406; x_wconf 60' lang='lat' dir='ltr'><strong>arena</strong></span> <span class='ocrx_word' id='word_1_209' title='bbox 1147 2356 1426 2406; x_wconf 83' lang='lat' dir='ltr'><strong>latitantibus</strong></span> <span class='ocrx_word' id='word_1_210' title='bbox 1447 2394 1465 2416; x_wconf 91' lang='lat'><strong>,</strong></span> 
     </span>
     <span class='ocr_line' id='line_1_33' title="bbox 186 2422 1465 2492; baseline 0.001 -22"><span class='ocrx_word' id='word_1_211' title='bbox 186 2437 413 2471; x_wconf 86' lang='lat' dir='ltr'><strong>tormenta</strong></span> <span class='ocrx_word' id='word_1_212' title='bbox 454 2424 617 2472; x_wconf 88' lang='lat' dir='ltr'><strong>bellica</strong></span> <span class='ocrx_word' id='word_1_213' title='bbox 649 2462 662 2485; x_wconf 87' lang='lat'>,</span> <span class='ocrx_word' id='word_1_214' title='bbox 713 2422 983 2473; x_wconf 87' lang='lat' dir='ltr'><strong>immensam</strong></span> <span class='ocrx_word' id='word_1_215' title='bbox 1025 2426 1204 2492; x_wconf 85' lang='lat' dir='ltr'><strong>argenti</strong></span> <span class='ocrx_word' id='word_1_216' title='bbox 1250 2422 1374 2471; x_wconf 83' lang='lat' dir='ltr'><strong>rudis</strong></span> <span class='ocrx_word' id='word_1_217' title='bbox 1416 2428 1465 2471; x_wconf 72' lang='grc' dir='ltr'><strong>δε</strong></span> 
     </span>
     <span class='ocr_line' id='line_1_34' title="bbox 184 2487 1464 2556; baseline -0.001 -19"><span class='ocrx_word' id='word_1_218' title='bbox 184 2488 348 2555; x_wconf 70' lang='lat' dir='ltr'><strong>{ignati</strong></span> <span class='ocrx_word' id='word_1_219' title='bbox 380 2491 474 2537; x_wconf 91' lang='lat' dir='ltr'><strong>vim</strong></span> <span class='ocrx_word' id='word_1_220' title='bbox 496 2529 508 2551; x_wconf 92' lang='lat'>‚</span> <span class='ocrx_word' id='word_1_221' title='bbox 552 2507 759 2556; x_wconf 86' lang='lat' dir='ltr'><strong>gemmas</strong></span> <span class='ocrx_word' id='word_1_222' title='bbox 793 2492 1013 2556; x_wconf 86' lang='lat' dir='ltr'><strong>plurimas</strong></span> <span class='ocrx_word' id='word_1_223' title='bbox 1049 2487 1319 2539; x_wconf 80' lang='lat' dir='ltr'><strong>subduxisset-</strong></span> <span class='ocrx_word' id='word_1_224' title='bbox 1340 2527 1354 2548; x_wconf 85' lang='lat'>,</span> <span class='ocrx_word' id='word_1_225' title='bbox 1388 2505 1464 2536; x_wconf 85' lang='lat' dir='ltr'><strong>ve-</strong></span> 
     </span>
    </p>
   </div>
   <div class='ocr_carea' id='block_1_6' title="bbox 183 2545 1473 2625">
    <p class='ocr_par' dir='ltr' id='par_1_12' title="bbox 183 2545 1473 2625">
     <span class='ocr_line' id='line_1_35' title="bbox 183 2545 1473 2625; baseline -0.004 -18"><span class='ocrx_word' id='word_1_226' title='bbox 183 2553 439 2625; x_wconf 60' lang='lat' dir='ltr'><strong>ictibusque</strong></span> <span class='ocrx_word' id='word_1_227' title='bbox 465 2556 664 2608; x_wconf 72' lang='lat' dir='ltr'><strong>dominis</strong></span> <span class='ocrx_word' id='word_1_228' title='bbox 688 2555 941 2611; x_wconf 69' lang='lat' dir='ltr'><strong>rest-‘ituifi‘et</strong></span> <span class='ocrx_word' id='word_1_229' title='bbox 971 2575 1101 2610; x_wconf 85' lang='lat' dir='ltr'><strong>anno</strong></span> <span class='ocrx_word' id='word_1_230' title='bbox 1136 2564 1276 2608; x_wconf 87' lang='lat'><strong>1660.</strong></span> <span class='ocrx_word' id='word_1_231' title='bbox 1313 2545 1473 2619; x_wconf 62' lang='lat' dir='ltr'><strong>Cujus</strong></span> 
     </span>
    </p>
   </div>
   <div class='ocr_carea' id='block_1_7' title="bbox 1537 0 1649 1950">
    <p class='ocr_par' dir='ltr' id='par_1_13' title="bbox 1537 0 1649 1950">
     <span class='ocr_line' id='line_1_36' title="bbox 1537 0 1649 1950; baseline 0 0"><span class='ocrx_word' id='word_1_232' title='bbox 1537 0 1649 1950; x_wconf 95' lang='lat' dir='ltr'><strong> </strong></span> 
     </span>
    </p>
   </div>
   <div class='ocr_carea' id='block_1_8' title="bbox 1592 1884 1605 1938">
    <p class='ocr_par' dir='ltr' id='par_1_14' title="bbox 1592 1884 1605 1938">
     <span class='ocr_line' id='line_1_37' title="bbox 1592 1884 1604 1909; baseline 0 0"><span class='ocrx_word' id='word_1_233' title='bbox 1592 1884 1604 1909; x_wconf 56' lang='lat' dir='ltr'><strong>ti*</strong></span> 
     </span>
     <span class='ocr_line' id='line_1_38' title="bbox 1594 1914 1605 1938; baseline 0 0"><span class='ocrx_word' id='word_1_234' title='bbox 1594 1914 1605 1938; x_wconf 65' lang='grc' dir='ltr'><em>ὃ</em></span> 
     </span>
    </p>
   </div>
   <div class='ocr_carea' id='block_1_9' title="bbox 1577 1874 1659 2928">
    <p class='ocr_par' dir='ltr' id='par_1_15' title="bbox 1577 1874 1659 2928">
     <span class='ocr_line' id='line_1_39' title="bbox 1577 1874 1659 2928; baseline 0 0"><span class='ocrx_word' id='word_1_235' title='bbox 1577 1874 1659 2928; x_wconf 95' lang='lat' dir='ltr'><strong> </strong></span> 
     </span>
    </p>
   </div>
  </div>
 </body>
</html>
