1659 2928
352 96 906 143 HISTORI-ARUM
966 82 1209 142 NoTAE.
1318 95 1436 157 517

221 174 469 247 Utramque
492 181 641 231 Rheni
672 181 830 244 ripam.
869 180 1111 246 Opinatur
1133 176 1329 244 Lipfius*
1355 175 1444 228 vel.

155 248 464 297 omittendum
494 264 726 313 utramque
747 286 761 309 ,
797 248 869 296 vel
891 245 1231 295 emendandum
1262 242 1428 292 utrim-

157 328 241 376 que
265 351 281 373 ,
314 316 376 361 ita
411 330 457 362 ut
486 314 634 361 hostes
673 331 770 360 non
811 329 1050 379 utramque
1085 311 1237 359 Rheni
1277 311 1431 374 ripam

157 377 469 438 obtinuerint,
511 378 584 425 sed
629 377 760 442 supra
798 378 1009 443 infraque
1050 379 1190 425 castra
1234 377 1430 424 militem

156 443 410 492 locaverint
432 443 489 491 ad
509 442 784 492 obIessorum
805 461 1037 493 terrorem.
1058 443 1121 490 At
1138 443 1239 490 libri
1263 457 1429 490 omnes

155 501 310 574 scripti
330 517 373 557 δε
399 510 504 557 editi
529 527 690 575 praeter
717 509 802 558 Ms.
825 510 939 558 Bud.
962 509 1132 557 habent
1156 523 1385 572 utramque
1406 524 1430 562 ,ἡ

153 572 295 640 igitur
313 594 401 624 vox
424 576 677 623 retinenda.
699 577 803 625 Nec
817 575 1156 624 emendandum
1177 574 1432 638 utrimqu69'

155 641 204 688 id
239 642 301 688 est
334 641 467 707 supra
496 648 538 689 δε
573 641 692 691 infra
724 645 869 692 castra
886 661 901 704 3
935 640 1040 689 cum
1069 659 1166 688 non
1200 641 1430 705 utrimque

157 706 333 755 tantum
355 710 494 755 castra
513 726 721 773 premere
738 711 939 774 potuerit
955 707 1115 756 Civilis
1131 746 1143 768 ‚
1162 706 1237 754 sed
1256 721 1430 755 utram-

193 790 248 820 ue
275 776 412 822 etiam
443 774 595 823 Rheni
622 777 772 840 ripam
801 776 1006 822 obtinere
1027 813 1040 834 ,
1074 773 1292 821 sinistram
1320 788 1428 821 cum

152 788 240 888 Puis
273 841 451 888 Batavis
470 879 484 900 ‚
516 846 561 886 δε
593 857 693 905 quae
722 839 1023 900 accesserant,
1063 839 1240 887 auxiliis
1261 877 1274 899 ,
1310 838 1430 886 dex*

154 920 270 953 tram
315 923 420 954 cum
464 906 810 955 adventantibus
857 906 1124 955 Germanis.
1184 904 1262 953 Sic
1303 906 1434 954 enim

154 969 252 1019 visu
304 971 598 1020 truculentior
631 1011 644 1033 ‚
697 979 741 1021 &
792 972 1086 1020 abundabant
1128 984 1431 1020 commeatus·-

153 1034 377 1086 Romanis
410 1036 518 1086 vero
553 1037 650 1103 spes
684 1042 835 1087 omnis
870 1036 1126 1088 interclusa.

217 1102 438 1152 Ferarum
469 1105 713 1169 imagines,
753 1106 863 1154 Hac
890 1106 959 1170 de,
982 1123 1030 1154 re
1060 1106 1196 1171 plura
1225 1101 1344 1154 infra
1372 1102 1439 1155 de

152 1165 364 1219 Moribus
392 1168 617 1218 German.
648 1171 770 1236 Cap.
792 1191 838 1230 7.

220 1233 507 1301 Emer-nique
526 1236 672 1299 facie.
703 1238 889 1304 Nempe
912 1253 1229 1286 veteranarum
1255 1234 1434 1284 cohor-³

153 1303 268 1350 tium
285 1302 440 1370 signa,
461 1303 571 1351 belli
586 1304 727 1353 civilis
749 1323 764 1368 3
784 1307 954 1355 externi
979 1304 1145 1353 facie-m
1174 1302 1435 1354 referebant

149 1366 350 1417 ferarum
385 1372 629 1437 imagines.
1330 1403 1335 1407 ›

220 1433 317 1485 Vix
333 1434 524 1501 quinque
541 1435 702 1485 millia.
724 1434 858 1484 Adeo
876 1433 1100 1486 Vitellius-
1116 1436 1197 1484 has
1216 1437 1436 1502 legione&

146 1500 470 1563 imminuerat,
498 1519 546 1552 ut
566 1502 663 1565 jam
684 1506 949 1550 monuimus
978 1500 1110 1567 supra
1134 1502 1257 1567 Cap.
1279 1521 1358 1550 zo.

217 1633 344 1685 CAP.
362 1631 550 1684 XXIII.
588 1630 708 1683 Pars
737 1631 995 1699 castrorum.
1036 1630 1199 1685 Castra
1225 1635 1304 1683 ina
1326 1633 1436 1687 sunt

149 1696 324 1750 Vetera
369 1701 529 1750 Castra
562 1736 575 1757 ,
625 1715 673 1746 ut
718 1700 812 1760 jam
856 1700 1032 1747 dietum
1073 1702 1136 1748 est
1181 1700 1304 1767 Cap.
1352 1702 1438 1752 18'.

151 1765 225 1815 Ea
251 1768 484 1834 Augustus
515 1763 688 1813 duabus
710 1764 970 1830 legionibus
1000 1765 1227 1831 posuerat.
1270 1768 1437 1818 Uniuff

149 1833 293 1882 castra
319 1836 367 1881 in
401 1831 518 1881 colle
535 1869 549 1891 ,
584 1831 765 1878 alterius
795 1832 850 1878 in·
872 1832 1034 1896 plan0.
1076 1831 1248 1882 Vetera
1273 1849 1438 1884 auterrx

148 1898 416 2014 {iicebantur
435 1937 449 1961 ,
484 1894 610 1964 quod
635 1897 727 1945 alia
747 1897 907 1963 postea
930 1899 979 1945 in
1001 1896 1256 1947 Germania
1277 1898 1433 1965 pofita

171 1980 267 2014 unt.

211 2029 652 2094 Transrhenanique.
670 2029 877 2078 Brusteri
891 2065 905 2089 ‚
924 2027 1147 2079 Teneteri
1162 2069 1176 2093 ,
1195 2033 1430 2102 ceterique

147 2097 378 2148 Germani
409 2097 592 2162 populi.

214 2161 304 2211 Per
327 2161 584 2227 testudinem
597 2160 801 2225 filorum.
838 2159 909 2209 Ut
927 2158 1062 2227 supra
1081 2162 1203 2211 Hist.
1221 2162 1290 2212 III
1304 2203 1320 2228 ‚
1347 2177 1428 2225 27⁰*

150 2235 196 2280 &
220 2228 393 2277 Annal.
415 2228 535 2276 XIII
551 2267 565 2290 ,
599 2245 675 2291 39.

200 2292 271 2342 ‘In
308 2293 480 2344 modum
509 2293 679 2358 pontis.
716 2291 976 2357 Quomodo
1009 2293 1078 2344 h‘ae
1109 2311 1248 2344 turres
1277 2297 1427 2345 strue-

151 2375 304 2412 rentur
322 2399 335 2420 ,
368 2361 566 2428 indeque
582 2377 701 2426 pons
719 2359 997 2425 proferretur
1015 2400 1028 2421 ‚
1053 2378 1101 2409 ut
1119 2363 1248 2409 miles
1275 2362 1430 2421 effunff

147 2429 328 2478 deretur
351 2427 400 2474 in
428 2444 583 2475 muros
604 2465 618 2486 ,
646 2426 780 2473 docet
803 2426 1026 2492 Vegetius
1046 2427 1118 2476 IV
1137 2465 1150 2488 ‚
1188 2446 1262 2485 17.

215 2490 415 2557 Balistis.
447 2491 570 2541 Vide
596 2490 727 2556 supra
750 2491 871 2538 Hist.
892 2492 960 2538 III
979 2529 992 2550 ‚
1023 2509 1100 2554 23.

209 2554 381 2627 „Crates
395 2555 647 2627 vineqsque.
666 2556 744 2608 De
762 2556 924 2626 quibus
948 2555 1082 2628 supra
1099 2555 1223 2609 Hist.
1242 2556 1318 2627 11,
1336 2569 1405 2624 ἐξ,
1416 2570 1420 2573 ’
