<?xml version="1.0" encoding="UTF-8"?>
<!DOCTYPE html PUBLIC "-//W3C//DTD XHTML 1.0 Transitional//EN"
    "http://www.w3.org/TR/xhtml1/DTD/xhtml1-transitional.dtd">
<html xmlns="http://www.w3.org/1999/xhtml" xml:lang="en" lang="en">
 <head>
  <title>
</title>
<meta http-equiv="Content-Type" content="text/html;charset=utf-8" />
  <meta name='ocr-system' content='tesseract 3.04.00' />
  <meta name='ocr-capabilities' content='ocr_page ocr_carea ocr_par ocr_line ocrx_word'/>
</head>
<body>
  <div class='ocr_page' id='page_1' title='image "./ccorneliitacitio04taci_0283.png"; bbox 0 0 1659 2928; ppageno 0'>
   <div class='ocr_carea' id='block_1_1' title="bbox 0 113 1595 2647">
    <p class='ocr_par' dir='ltr' id='par_1_1' title="bbox 0 113 1595 2647">
     <span class='ocr_line' id='line_1_1' title="bbox 0 113 1365 199; baseline 0 -21"><span class='ocrx_word' id='word_1_1' title='bbox 0 122 18 188; x_wconf 52' lang='lat' dir='ltr'><strong><em>g</em></strong></span> <span class='ocrx_word' id='word_1_2' title='bbox 267 136 812 180; x_wconf 61' lang='lat' dir='ltr'>msa-omARUM</span> <span class='ocrx_word' id='word_1_3' title='bbox 861 113 1012 177; x_wconf 82' lang='lat' dir='ltr'>L113.</span> <span class='ocrx_word' id='word_1_4' title='bbox 1056 115 1157 178; x_wconf 87' lang='lat'>111.</span> <span class='ocrx_word' id='word_1_5' title='bbox 1257 137 1365 199; x_wconf 87' lang='lat'>275</span> 
     </span>
     <span class='ocr_line' id='line_1_2' title="bbox 0 208 1593 305; baseline 0.002 -28"><span class='ocrx_word' id='word_1_6' title='bbox 0 208 48 305; x_wconf 46' lang='grc' dir='ltr'>,ᾗ</span> <span class='ocrx_word' id='word_1_7' title='bbox 93 213 297 279; x_wconf 75' lang='lat' dir='ltr'>infesto</span> <span class='ocrx_word' id='word_1_8' title='bbox 322 221 435 280; x_wconf 67' lang='lat' dir='ltr'>ictu</span> <span class='ocrx_word' id='word_1_9' title='bbox 459 266 475 292; x_wconf 90' lang='lat'>,</span> <span class='ocrx_word' id='word_1_10' title='bbox 512 240 608 300; x_wconf 87' lang='lat' dir='ltr'>per</span> <span class='ocrx_word' id='word_1_11' title='bbox 635 218 778 276; x_wconf 84' lang='lat' dir='ltr'>iram</span> <span class='ocrx_word' id='word_1_12' title='bbox 799 263 816 289; x_wconf 89' lang='lat'>‚</span> <span class='ocrx_word' id='word_1_13' title='bbox 853 217 944 279; x_wconf 90' lang='lat' dir='ltr'>vel</span> <span class='ocrx_word' id='word_1_14' title='bbox 968 219 1082 299; x_wconf 74' lang='lat' dir='ltr'>quo</span> <span class='ocrx_word' id='word_1_15' title='bbox 1107 218 1378 291; x_wconf 73' lang='lat' dir='ltr'>maturius</span> <span class='ocrx_word' id='word_1_16' title='bbox 1401 244 1593 273; x_wconf 74' lang='lat' dir='ltr'>==r===</span> 
     </span>
     <span class='ocr_line' id='line_1_3' title="bbox 1 301 1595 388; baseline 0.006 -31"><span class='ocrx_word' id='word_1_17' title='bbox 1 306 45 373; x_wconf 53' lang='lat' dir='ltr'>‘J</span> <span class='ocrx_word' id='word_1_18' title='bbox 95 301 345 363; x_wconf 89' lang='lat' dir='ltr'>ludibrio</span> <span class='ocrx_word' id='word_1_19' title='bbox 394 303 706 374; x_wconf 73' lang='lat' dir='ltr'>eximeret,</span> <span class='ocrx_word' id='word_1_20' title='bbox 750 324 820 358; x_wconf 89' lang='lat' dir='ltr'>an</span> <span class='ocrx_word' id='word_1_21' title='bbox 867 301 1158 362; x_wconf 85' lang='lat' dir='ltr'>tribunum</span> <span class='ocrx_word' id='word_1_22' title='bbox 1207 327 1378 388; x_wconf 88' lang='lat' dir='ltr'>appe—</span> <span class='ocrx_word' id='word_1_23' title='bbox 1402 305 1525 346; x_wconf 86' lang='lat' dir='ltr'>A.U.</span> <span class='ocrx_word' id='word_1_24' title='bbox 1543 307 1595 351; x_wconf 82' lang='lat' dir='ltr'>C·</span> 
     </span>
     <span class='ocr_line' id='line_1_4' title="bbox 3 380 1558 458; baseline 0.003 -14"><span class='ocrx_word' id='word_1_25' title='bbox 3 382 63 437; x_wconf 58' lang='lat'>21⁴*</span> <span class='ocrx_word' id='word_1_26' title='bbox 93 385 250 445; x_wconf 88' lang='lat' dir='ltr'>tierit</span> <span class='ocrx_word' id='word_1_27' title='bbox 275 433 292 458; x_wconf 89' lang='lat'>,</span> <span class='ocrx_word' id='word_1_28' title='bbox 339 386 399 444; x_wconf 88' lang='lat' dir='ltr'>in</span> <span class='ocrx_word' id='word_1_29' title='bbox 445 386 661 444; x_wconf 88' lang='lat' dir='ltr'>incerto</span> <span class='ocrx_word' id='word_1_30' title='bbox 708 380 815 442; x_wconf 88' lang='lat' dir='ltr'>fuit</span> <span class='ocrx_word' id='word_1_31' title='bbox 855 428 872 454; x_wconf 84' lang='lat'>‚</span> <span class='ocrx_word' id='word_1_32' title='bbox 926 407 1119 443; x_wconf 88' lang='lat' dir='ltr'>aurem</span> <span class='ocrx_word' id='word_1_33' title='bbox 1165 389 1375 448; x_wconf 89' lang='lat' dir='ltr'>tribuni</span> <span class='ocrx_word' id='word_1_34' title='bbox 1444 382 1558 427; x_wconf 80' lang='lat'>⁸²²·</span> 
     </span>
     <span class='ocr_line' id='line_1_5' title="bbox 0 460 1568 550; baseline 0.007 -32"><span class='ocrx_word' id='word_1_35' title='bbox 0 463 72 546; x_wconf 33' lang='lat'>{1:⁸33</span> <span class='ocrx_word' id='word_1_36' title='bbox 92 470 404 550; x_wconf 82' lang='lat' dir='ltr'>amputavit</span> <span class='ocrx_word' id='word_1_37' title='bbox 428 513 445 540; x_wconf 86' lang='lat'>,</span> <span class='ocrx_word' id='word_1_38' title='bbox 486 491 547 526; x_wconf 91' lang='lat' dir='ltr'>ac</span> <span class='ocrx_word' id='word_1_39' title='bbox 587 465 772 526; x_wconf 89' lang='lat' dir='ltr'>statim</span> <span class='ocrx_word' id='word_1_40' title='bbox 809 464 1088 528; x_wconf 83' lang='lat' dir='ltr'>confoffus</span> <span class='ocrx_word' id='word_1_41' title='bbox 1123 472 1214 529; x_wconf 90' lang='lat' dir='ltr'>est.</span> <span class='ocrx_word' id='word_1_42' title='bbox 1262 474 1376 534; x_wconf 83' lang='lat' dir='ltr'>Vi-</span> <span class='ocrx_word' id='word_1_43' title='bbox 1436 460 1474 502; x_wconf 73' lang='lat' dir='ltr'>J·</span> <span class='ocrx_word' id='word_1_44' title='bbox 1512 460 1568 507; x_wconf 50' lang='lat' dir='ltr'>C*</span> 
     </span>
     <span class='ocr_line' id='line_1_6' title="bbox 17 537 1545 629; baseline 0.001 -17"><span class='ocrx_word' id='word_1_45' title='bbox 17 537 44 611; x_wconf 52' lang='lat' dir='ltr'>“a</span> <span class='ocrx_word' id='word_1_46' title='bbox 92 551 356 624; x_wconf 73' lang='lat' dir='ltr'>renium,</span> <span class='ocrx_word' id='word_1_47' title='bbox 408 549 619 612; x_wconf 88' lang='lat' dir='ltr'>infestis</span> <span class='ocrx_word' id='word_1_48' title='bbox 663 551 1025 611; x_wconf 80' lang='lat' dir='ltr'>mucronibus</span> <span class='ocrx_word' id='word_1_49' title='bbox 1068 558 1326 613; x_wconf 65' lang='lat' dir='ltr'>coactum</span> <span class='ocrx_word' id='word_1_50' title='bbox 1356 602 1376 629; x_wconf 80' lang='lat'>,</span> <span class='ocrx_word' id='word_1_51' title='bbox 1463 538 1545 593; x_wconf 67' lang='lat'>⁶9,-</span> 
     </span>
     <span class='ocr_line' id='line_1_7' title="bbox 56 632 1377 717; baseline 0.002 -22"><span class='ocrx_word' id='word_1_52' title='bbox 56 647 61 662; x_wconf 70' lang='lat'>³</span> <span class='ocrx_word' id='word_1_53' title='bbox 91 636 271 696; x_wconf 76' lang='lat' dir='ltr'>modo</span> <span class='ocrx_word' id='word_1_54' title='bbox 298 636 510 717; x_wconf 83' lang='lat' dir='ltr'>erigere</span> <span class='ocrx_word' id='word_1_55' title='bbox 534 660 595 695; x_wconf 90' lang='lat' dir='ltr'>os</span> <span class='ocrx_word' id='word_1_56' title='bbox 615 683 632 708; x_wconf 85' lang='lat'>,</span> <span class='ocrx_word' id='word_1_57' title='bbox 665 643 725 695; x_wconf 86' lang='lat'>&amp;</span> <span class='ocrx_word' id='word_1_58' title='bbox 748 632 950 695; x_wconf 84' lang='lat' dir='ltr'>offerre</span> <span class='ocrx_word' id='word_1_59' title='bbox 974 637 1334 699; x_wconf 89' lang='lat' dir='ltr'>contumeliis</span> <span class='ocrx_word' id='word_1_60' title='bbox 1356 686 1377 712; x_wconf 87' lang='lat'>,</span> 
     </span>
     <span class='ocr_line' id='line_1_8' title="bbox 89 717 1379 805; baseline 0.003 -25"><span class='ocrx_word' id='word_1_61' title='bbox 89 742 242 780; x_wconf 89' lang='lat' dir='ltr'>nunc</span> <span class='ocrx_word' id='word_1_62' title='bbox 287 720 548 780; x_wconf 81' lang='lat' dir='ltr'>cadentes</span> <span class='ocrx_word' id='word_1_63' title='bbox 599 721 794 777; x_wconf 89' lang='lat' dir='ltr'>statuas</span> <span class='ocrx_word' id='word_1_64' title='bbox 838 717 996 791; x_wconf 86' lang='lat' dir='ltr'>suas,</span> <span class='ocrx_word' id='word_1_65' title='bbox 1040 721 1379 805; x_wconf 87' lang='lat' dir='ltr'>plerumque</span> 
     </span>
     <span class='ocr_line' id='line_1_9' title="bbox 88 800 1377 886; baseline 0.002 -23"><span class='ocrx_word' id='word_1_66' title='bbox 88 805 261 863; x_wconf 78' lang='lat' dir='ltr'>rostra</span> <span class='ocrx_word' id='word_1_67' title='bbox 282 850 299 876; x_wconf 85' lang='lat'>,</span> <span class='ocrx_word' id='word_1_68' title='bbox 336 824 429 863; x_wconf 90' lang='lat' dir='ltr'>aut</span> <span class='ocrx_word' id='word_1_69' title='bbox 459 802 653 863; x_wconf 85' lang='lat' dir='ltr'>Galbae</span> <span class='ocrx_word' id='word_1_70' title='bbox 679 800 840 860; x_wconf 85' lang='lat' dir='ltr'>occifi</span> <span class='ocrx_word' id='word_1_71' title='bbox 865 801 1057 861; x_wconf 89' lang='lat' dir='ltr'>locum</span> <span class='ocrx_word' id='word_1_72' title='bbox 1087 808 1377 886; x_wconf 83' lang='lat' dir='ltr'>contueri3</span> 
     </span>
     <span class='ocr_line' id='line_1_10' title="bbox 0 886 1379 970; baseline 0.003 -24"><span class='ocrx_word' id='word_1_73' title='bbox 0 919 7 954; x_wconf 69' lang='grc' dir='ltr'>ῃ</span> <span class='ocrx_word' id='word_1_74' title='bbox 87 889 370 969; x_wconf 78' lang='lat' dir='ltr'>postremo</span> <span class='ocrx_word' id='word_1_75' title='bbox 394 887 466 946; x_wconf 87' lang='lat' dir='ltr'>ad</span> <span class='ocrx_word' id='word_1_76' title='bbox 487 886 799 946; x_wconf 89' lang='lat' dir='ltr'>Gemonias</span> <span class='ocrx_word' id='word_1_77' title='bbox 818 932 835 958; x_wconf 87' lang='lat'>,</span> <span class='ocrx_word' id='word_1_78' title='bbox 865 886 962 945; x_wconf 87' lang='lat' dir='ltr'>ubi</span> <span class='ocrx_word' id='word_1_79' title='bbox 983 909 1182 970; x_wconf 83' lang='lat' dir='ltr'>corpus</span> <span class='ocrx_word' id='word_1_80' title='bbox 1203 890 1379 951; x_wconf 82' lang='lat' dir='ltr'>Flavii</span> 
     </span>
     <span class='ocr_line' id='line_1_11' title="bbox 84 968 1374 1052; baseline 0.004 -22"><span class='ocrx_word' id='word_1_81' title='bbox 84 970 277 1030; x_wconf 82' lang='lat' dir='ltr'>Sabini</span> <span class='ocrx_word' id='word_1_82' title='bbox 297 976 542 1051; x_wconf 88' lang='lat' dir='ltr'>jacuerat</span> <span class='ocrx_word' id='word_1_83' title='bbox 566 1017 582 1044; x_wconf 86' lang='lat'>‚</span> <span class='ocrx_word' id='word_1_84' title='bbox 617 968 930 1052; x_wconf 81' lang='lat' dir='ltr'>propulere.</span> <span class='ocrx_word' id='word_1_85' title='bbox 967 972 1101 1031; x_wconf 89' lang='lat' dir='ltr'>Una</span> <span class='ocrx_word' id='word_1_86' title='bbox 1124 996 1230 1032; x_wconf 85' lang='lat' dir='ltr'>vox</span> <span class='ocrx_word' id='word_1_87' title='bbox 1254 997 1374 1036; x_wconf 89' lang='lat' dir='ltr'>non</span> 
     </span>
     <span class='ocr_line' id='line_1_12' title="bbox 36 1054 1374 1138; baseline 0.004 -25"><span class='ocrx_word' id='word_1_88' title='bbox 36 1066 40 1070; x_wconf 74' lang='grc'><strong><em>’</em></strong></span> <span class='ocrx_word' id='word_1_89' title='bbox 83 1054 382 1136; x_wconf 83' lang='lat' dir='ltr'>degeneris</span> <span class='ocrx_word' id='word_1_90' title='bbox 431 1055 608 1114; x_wconf 89' lang='lat' dir='ltr'>animi</span> <span class='ocrx_word' id='word_1_91' title='bbox 651 1075 919 1138; x_wconf 79' lang='lat' dir='ltr'>excepta,</span> <span class='ocrx_word' id='word_1_92' title='bbox 962 1054 1094 1115; x_wconf 75' lang='lat' dir='ltr'>cum</span> <span class='ocrx_word' id='word_1_93' title='bbox 1142 1057 1374 1119; x_wconf 87' lang='lat' dir='ltr'>tribuno</span> 
     </span>
     <span class='ocr_line' id='line_1_13' title="bbox 35 1136 1373 1222; baseline 0.004 -24"><span class='ocrx_word' id='word_1_94' title='bbox 35 1186 38 1191; x_wconf 85' lang='lat'>.</span> <span class='ocrx_word' id='word_1_95' title='bbox 79 1138 372 1199; x_wconf 81' lang='lat' dir='ltr'>insultanti</span> <span class='ocrx_word' id='word_1_96' title='bbox 397 1186 413 1210; x_wconf 86' lang='lat'>‚</span> <span class='ocrx_word' id='word_1_97' title='bbox 460 1166 494 1191; x_wconf 81' lang='lat' dir='ltr'>oc</span> <span class='ocrx_word' id='word_1_98' title='bbox 513 1136 567 1200; x_wconf 92' lang='lat' dir='ltr'>se</span> <span class='ocrx_word' id='word_1_99' title='bbox 596 1159 791 1198; x_wconf 87' lang='lat' dir='ltr'>tamen</span> <span class='ocrx_word' id='word_1_100' title='bbox 815 1141 1225 1220; x_wconf 83' lang='lat' dir='ltr'>Imperatorem</span> <span class='ocrx_word' id='word_1_101' title='bbox 1253 1149 1373 1222; x_wconf 89' lang='lat' dir='ltr'>ejus</span> 
     </span>
     <span class='ocr_line' id='line_1_14' title="bbox 11 1220 1370 1308; baseline 0.006 -30"><span class='ocrx_word' id='word_1_102' title='bbox 11 1224 38 1243; x_wconf 80' lang='grc'><strong>”</strong></span> <span class='ocrx_word' id='word_1_103' title='bbox 77 1220 340 1282; x_wconf 60' lang='lat' dir='ltr'>mfuiffe„</span> <span class='ocrx_word' id='word_1_104' title='bbox 378 1221 681 1307; x_wconf 81' lang='lat' dir='ltr'>respondit.</span> <span class='ocrx_word' id='word_1_105' title='bbox 746 1221 832 1282; x_wconf 90' lang='lat' dir='ltr'>Ac</span> <span class='ocrx_word' id='word_1_106' title='bbox 884 1224 1093 1285; x_wconf 85' lang='lat' dir='ltr'>deinde</span> <span class='ocrx_word' id='word_1_107' title='bbox 1144 1225 1370 1308; x_wconf 84' lang='lat' dir='ltr'>ingestis</span> 
     </span>
     <span class='ocr_line' id='line_1_15' title="bbox 40 1305 1368 1390; baseline 0.003 -24"><span class='ocrx_word' id='word_1_108' title='bbox 40 1327 43 1330; x_wconf 71' lang='grc'>’</span> <span class='ocrx_word' id='word_1_109' title='bbox 79 1306 406 1367; x_wconf 88' lang='lat' dir='ltr'>vulneribus</span> <span class='ocrx_word' id='word_1_110' title='bbox 436 1356 452 1381; x_wconf 80' lang='grc'>,</span> <span class='ocrx_word' id='word_1_111' title='bbox 496 1305 762 1367; x_wconf 85' lang='lat' dir='ltr'>concidit.</span> <span class='ocrx_word' id='word_1_112' title='bbox 812 1308 880 1367; x_wconf 86' lang='lat' dir='ltr'>Et</span> <span class='ocrx_word' id='word_1_113' title='bbox 921 1307 1121 1390; x_wconf 82' lang='lat' dir='ltr'>vulgus</span> <span class='ocrx_word' id='word_1_114' title='bbox 1163 1310 1368 1370; x_wconf 61' lang='lat' dir='ltr'>eadem</span> 
     </span>
     <span class='ocr_line' id='line_1_16' title="bbox 31 1389 1369 1475; baseline 0.004 -27"><span class='ocrx_word' id='word_1_115' title='bbox 31 1400 33 1405; x_wconf 82' lang='grc'><em>’</em></span> <span class='ocrx_word' id='word_1_116' title='bbox 76 1391 353 1474; x_wconf 83' lang='lat' dir='ltr'>pravitate</span> <span class='ocrx_word' id='word_1_117' title='bbox 401 1389 768 1452; x_wconf 46' lang='lat' dir='ltr'>insectabatur</span> <span class='ocrx_word' id='word_1_118' title='bbox 813 1389 1216 1469; x_wconf 63' lang='lat' dir='ltr'>interfectum,</span> <span class='ocrx_word' id='word_1_119' title='bbox 1257 1394 1369 1475; x_wconf 61' lang='lat' dir='ltr'>qua</span> 
     </span>
     <span class='ocr_line' id='line_1_17' title="bbox 22 1472 1315 1536; baseline 0 -1"><span class='ocrx_word' id='word_1_120' title='bbox 22 1519 24 1522; x_wconf 89' lang='lat'><em>-</em></span> <span class='ocrx_word' id='word_1_121' title='bbox 75 1472 295 1535; x_wconf 87' lang='lat' dir='ltr'>foverat</span> <span class='ocrx_word' id='word_1_122' title='bbox 326 1474 633 1536; x_wconf 79' lang='lat' dir='ltr'>viventem.</span> <span class='ocrx_word' id='word_1_123' title='bbox 1310 1494 1315 1498; x_wconf 91' lang='grc'><strong><em>’</em></strong></span> 
     </span>
     <span class='ocr_line' id='line_1_18' title="bbox 161 1556 1368 1622; baseline 0.002 -4"><span class='ocrx_word' id='word_1_124' title='bbox 161 1560 498 1622; x_wconf 87' lang='lat' dir='ltr'>LXXXVI.</span> <span class='ocrx_word' id='word_1_125' title='bbox 536 1562 769 1619; x_wconf 74' lang='lat' dir='ltr'>PATER</span> <span class='ocrx_word' id='word_1_126' title='bbox 820 1556 903 1616; x_wconf 88' lang='lat' dir='ltr'>illi</span> <span class='ocrx_word' id='word_1_127' title='bbox 941 1559 1008 1617; x_wconf 92' lang='lat' dir='ltr'>L.</span> <span class='ocrx_word' id='word_1_128' title='bbox 1052 1556 1321 1621; x_wconf 87' lang='lat' dir='ltr'>Vitellius</span> <span class='ocrx_word' id='word_1_129' title='bbox 1351 1586 1368 1620; x_wconf 76' lang='lat' dir='ltr'>t</span> 
     </span>
     <span class='ocr_line' id='line_1_19' title="bbox 72 1640 1367 1726; baseline 0.002 -24"><span class='ocrx_word' id='word_1_130' title='bbox 72 1640 382 1726; x_wconf 81' lang='lat' dir='ltr'>septimum</span> <span class='ocrx_word' id='word_1_131' title='bbox 414 1653 472 1705; x_wconf 73' lang='grc' dir='ltr'>δε</span> <span class='ocrx_word' id='word_1_132' title='bbox 498 1641 1032 1725; x_wconf 80' lang='lat' dir='ltr'>quinquagesimum</span> <span class='ocrx_word' id='word_1_133' title='bbox 1062 1643 1233 1702; x_wconf 87' lang='lat' dir='ltr'>aetatis</span> <span class='ocrx_word' id='word_1_134' title='bbox 1266 1668 1367 1704; x_wconf 88' lang='lat' dir='ltr'>an-</span> 
     </span>
     <span class='ocr_line' id='line_1_20' title="bbox 72 1724 1372 1810; baseline 0.002 -25"><span class='ocrx_word' id='word_1_135' title='bbox 72 1749 215 1786; x_wconf 87' lang='lat' dir='ltr'>num</span> <span class='ocrx_word' id='word_1_136' title='bbox 252 1727 510 1810; x_wconf 81' lang='lat' dir='ltr'>explebat</span> <span class='ocrx_word' id='word_1_137' title='bbox 537 1753 549 1785; x_wconf 74' lang='grc' dir='ltr'>ε</span> <span class='ocrx_word' id='word_1_138' title='bbox 587 1724 939 1786; x_wconf 88' lang='lat' dir='ltr'>consulatum</span> <span class='ocrx_word' id='word_1_139' title='bbox 962 1774 980 1799; x_wconf 84' lang='lat'>,</span> <span class='ocrx_word' id='word_1_140' title='bbox 1019 1724 1327 1787; x_wconf 89' lang='lat' dir='ltr'>sacerdotia</span> <span class='ocrx_word' id='word_1_141' title='bbox 1342 1747 1372 1801; x_wconf 89' lang='lat'>,&#39;</span> 
     </span>
     <span class='ocr_line' id='line_1_21' title="bbox 73 1810 1368 1893; baseline 0.003 -26"><span class='ocrx_word' id='word_1_142' title='bbox 73 1832 292 1869; x_wconf 90' lang='lat' dir='ltr'>nomen</span> <span class='ocrx_word' id='word_1_143' title='bbox 336 1810 640 1892; x_wconf 88' lang='lat' dir='ltr'>locumque</span> <span class='ocrx_word' id='word_1_144' title='bbox 674 1811 820 1869; x_wconf 90' lang='lat' dir='ltr'>inter</span> <span class='ocrx_word' id='word_1_145' title='bbox 857 1810 1129 1893; x_wconf 88' lang='lat' dir='ltr'>primores</span> <span class='ocrx_word' id='word_1_146' title='bbox 1152 1858 1169 1883; x_wconf 84' lang='lat'>‚</span> <span class='ocrx_word' id='word_1_147' title='bbox 1208 1812 1368 1871; x_wconf 60' lang='lat' dir='ltr'>nulla.</span> 
     </span>
     <span class='ocr_line' id='line_1_22' title="bbox 75 1892 1363 1977; baseline 0.005 -27"><span class='ocrx_word' id='word_1_148' title='bbox 75 1892 173 1951; x_wconf 69' lang='lat' dir='ltr'>:sua</span> <span class='ocrx_word' id='word_1_149' title='bbox 192 1894 458 1954; x_wconf 62' lang='lat' dir='ltr'>industria</span> <span class='ocrx_word' id='word_1_150' title='bbox 479 1942 496 1967; x_wconf 90' lang='lat'>,</span> <span class='ocrx_word' id='word_1_151' title='bbox 517 1894 615 1954; x_wconf 87' lang='lat' dir='ltr'>sed</span> <span class='ocrx_word' id='word_1_152' title='bbox 633 1898 828 1954; x_wconf 59' lang='lat' dir='ltr'>cunita</span> <span class='ocrx_word' id='word_1_153' title='bbox 845 1895 1012 1977; x_wconf 86' lang='lat' dir='ltr'>patris</span> <span class='ocrx_word' id='word_1_154' title='bbox 1030 1892 1363 1956; x_wconf 75' lang='lat' dir='ltr'>claritudine</span> 
     </span>
     <span class='ocr_line' id='line_1_23' title="bbox 6 1976 1364 2061; baseline 0.004 -26"><span class='ocrx_word' id='word_1_155' title='bbox 6 1976 323 2058; x_wconf 44' lang='lat' dir='ltr'>madeptus.</span> <span class='ocrx_word' id='word_1_156' title='bbox 391 1979 774 2060; x_wconf 87' lang='lat' dir='ltr'>Principatum</span> <span class='ocrx_word' id='word_1_157' title='bbox 825 1979 879 2040; x_wconf 89' lang='lat' dir='ltr'>ei</span> <span class='ocrx_word' id='word_1_158' title='bbox 924 1977 1220 2053; x_wconf 83' lang='lat' dir='ltr'>detulere,</span> <span class='ocrx_word' id='word_1_159' title='bbox 1261 1980 1364 2061; x_wconf 82' lang='lat' dir='ltr'>qui</span> 
     </span>
     <span class='ocr_line' id='line_1_24' title="bbox 30 2058 1362 2144; baseline 0.002 -24"><span class='ocrx_word' id='word_1_160' title='bbox 30 2082 33 2084; x_wconf 72' lang='grc'>’</span> <span class='ocrx_word' id='word_1_161' title='bbox 67 2058 252 2144; x_wconf 83' lang='lat' dir='ltr'>ipsum</span> <span class='ocrx_word' id='word_1_162' title='bbox 272 2085 389 2121; x_wconf 88' lang='lat' dir='ltr'>non</span> <span class='ocrx_word' id='word_1_163' title='bbox 414 2084 704 2122; x_wconf 74' lang='lat' dir='ltr'>noverant.</span> <span class='ocrx_word' id='word_1_164' title='bbox 733 2063 925 2121; x_wconf 89' lang='lat' dir='ltr'>Studia</span> <span class='ocrx_word' id='word_1_165' title='bbox 945 2060 1214 2121; x_wconf 65' lang='lat' dir='ltr'>exercitiis</span> <span class='ocrx_word' id='word_1_166' title='bbox 1236 2066 1362 2123; x_wconf 75' lang='lat' dir='ltr'>raro</span> 
     </span>
     <span class='ocr_line' id='line_1_25' title="bbox 68 2145 1359 2230; baseline 0.005 -28"><span class='ocrx_word' id='word_1_167' title='bbox 68 2146 334 2226; x_wconf 85' lang='lat' dir='ltr'>cuiquam</span> <span class='ocrx_word' id='word_1_168' title='bbox 357 2194 374 2218; x_wconf 83' lang='lat'>,</span> <span class='ocrx_word' id='word_1_169' title='bbox 413 2148 576 2206; x_wconf 88' lang='lat' dir='ltr'>bonis</span> <span class='ocrx_word' id='word_1_170' title='bbox 603 2146 811 2206; x_wconf 91' lang='lat' dir='ltr'>artibus</span> <span class='ocrx_word' id='word_1_171' title='bbox 837 2145 1058 2228; x_wconf 82' lang='lat' dir='ltr'>quaefita</span> <span class='ocrx_word' id='word_1_172' title='bbox 1077 2194 1094 2219; x_wconf 85' lang='lat'>,</span> <span class='ocrx_word' id='word_1_173' title='bbox 1119 2147 1359 2230; x_wconf 88' lang='lat' dir='ltr'>perinde</span> 
     </span>
     <span class='ocr_line' id='line_1_26' title="bbox 68 2227 1359 2313; baseline 0.003 -26"><span class='ocrx_word' id='word_1_174' title='bbox 68 2227 300 2289; x_wconf 82' lang='lat' dir='ltr'>adfuere</span> <span class='ocrx_word' id='word_1_175' title='bbox 317 2279 332 2302; x_wconf 83' lang='grc'>,</span> <span class='ocrx_word' id='word_1_176' title='bbox 362 2231 535 2310; x_wconf 67' lang='lat' dir='ltr'>quam</span> <span class='ocrx_word' id='word_1_177' title='bbox 561 2231 690 2290; x_wconf 87' lang='lat' dir='ltr'>huic</span> <span class='ocrx_word' id='word_1_178' title='bbox 716 2254 813 2311; x_wconf 90' lang='lat' dir='ltr'>per</span> <span class='ocrx_word' id='word_1_179' title='bbox 834 2231 1139 2313; x_wconf 81' lang='lat' dir='ltr'>ignaviam.</span> <span class='ocrx_word' id='word_1_180' title='bbox 1170 2233 1359 2291; x_wconf 88' lang='lat' dir='ltr'>Inerat</span> 
     </span>
     <span class='ocr_line' id='line_1_27' title="bbox 0 2313 1354 2395; baseline 0.001 -25"><span class='ocrx_word' id='word_1_181' title='bbox 0 2356 2 2361; x_wconf 83' lang='lat'><em>·</em></span> <span class='ocrx_word' id='word_1_182' title='bbox 66 2331 265 2371; x_wconf 84' lang='lat' dir='ltr'>tamen</span> <span class='ocrx_word' id='word_1_183' title='bbox 290 2313 609 2395; x_wconf 78' lang='lat' dir='ltr'>simplicitas</span> <span class='ocrx_word' id='word_1_184' title='bbox 635 2339 696 2373; x_wconf 91' lang='lat' dir='ltr'>ac</span> <span class='ocrx_word' id='word_1_185' title='bbox 721 2314 1059 2392; x_wconf 78' lang='lat' dir='ltr'>liberalitas3</span> <span class='ocrx_word' id='word_1_186' title='bbox 1100 2337 1221 2395; x_wconf 82' lang='lat' dir='ltr'>quae</span> <span class='ocrx_word' id='word_1_187' title='bbox 1240 2363 1256 2386; x_wconf 84' lang='lat'>‚</span> <span class='ocrx_word' id='word_1_188' title='bbox 1292 2316 1354 2373; x_wconf 86' lang='lat' dir='ltr'>ni</span> 
     </span>
     <span class='ocr_line' id='line_1_28' title="bbox 67 2395 1353 2470; baseline 0.002 -17"><span class='ocrx_word' id='word_1_189' title='bbox 67 2395 207 2454; x_wconf 73' lang='lat' dir='ltr'>adsit</span> <span class='ocrx_word' id='word_1_190' title='bbox 236 2397 437 2456; x_wconf 87' lang='lat' dir='ltr'>modus</span> <span class='ocrx_word' id='word_1_191' title='bbox 455 2447 470 2470; x_wconf 84' lang='lat'>‚</span> <span class='ocrx_word' id='word_1_192' title='bbox 493 2400 551 2457; x_wconf 92' lang='lat' dir='ltr'>in</span> <span class='ocrx_word' id='word_1_193' title='bbox 578 2400 813 2458; x_wconf 83' lang='lat' dir='ltr'>exitium</span> <span class='ocrx_word' id='word_1_194' title='bbox 836 2419 1145 2459; x_wconf 85' lang='lat' dir='ltr'>vertuntur.</span> <span class='ocrx_word' id='word_1_195' title='bbox 1185 2397 1353 2456; x_wconf 86' lang='lat' dir='ltr'>Ami-</span> 
     </span>
     <span class='ocr_line' id='line_1_29' title="bbox 67 2479 1351 2564; baseline 0.003 -26"><span class='ocrx_word' id='word_1_196' title='bbox 67 2479 222 2538; x_wconf 87' lang='lat' dir='ltr'>citias</span> <span class='ocrx_word' id='word_1_197' title='bbox 242 2527 258 2551; x_wconf 79' lang='grc'>,</span> <span class='ocrx_word' id='word_1_198' title='bbox 287 2479 426 2538; x_wconf 90' lang='lat' dir='ltr'>dum</span> <span class='ocrx_word' id='word_1_199' title='bbox 450 2483 843 2564; x_wconf 80' lang='lat' dir='ltr'>magnitudine</span> <span class='ocrx_word' id='word_1_200' title='bbox 866 2504 1167 2541; x_wconf 88' lang='lat' dir='ltr'>munerum</span> <span class='ocrx_word' id='word_1_201' title='bbox 1183 2527 1199 2551; x_wconf 83' lang='lat'>,</span> <span class='ocrx_word' id='word_1_202' title='bbox 1233 2504 1351 2542; x_wconf 90' lang='lat' dir='ltr'>non</span> 
     </span>
     <span class='ocr_line' id='line_1_30' title="bbox 69 2563 1348 2647; baseline 0.004 -23"><span class='ocrx_word' id='word_1_203' title='bbox 69 2563 372 2627; x_wconf 63' lang='lat' dir='ltr'>constantia</span> <span class='ocrx_word' id='word_1_204' title='bbox 388 2588 616 2628; x_wconf 83' lang='lat' dir='ltr'>morum</span> <span class='ocrx_word' id='word_1_205' title='bbox 636 2566 925 2633; x_wconf 81' lang='lat' dir='ltr'>continere</span> <span class='ocrx_word' id='word_1_206' title='bbox 939 2585 1114 2647; x_wconf 83' lang='lat' dir='ltr'>putat,</span> <span class='ocrx_word' id='word_1_207' title='bbox 1140 2567 1348 2628; x_wconf 86' lang='lat' dir='ltr'>meruit</span> 
     </span>
    </p>
   </div>
   <div class='ocr_carea' id='block_1_2' title="bbox 983 2650 1150 2734">
    <p class='ocr_par' dir='ltr' id='par_1_2' title="bbox 983 2650 1150 2734">
     <span class='ocr_line' id='line_1_31' title="bbox 983 2650 1150 2734; baseline -0.018 -22"><span class='ocrx_word' id='word_1_208' title='bbox 983 2650 1150 2734; x_wconf 82' lang='lat' dir='ltr'>Mvj</span> 
     </span>
    </p>
   </div>
   <div class='ocr_carea' id='block_1_3' title="bbox 1401 275 1592 285">
    <p class='ocr_par' dir='ltr' id='par_1_3' title="bbox 1401 275 1592 285">
     <span class='ocr_line' id='line_1_32' title="bbox 1401 275 1592 285; baseline 0 2643"><span class='ocrx_word' id='word_1_209' title='bbox 1401 275 1592 285; x_wconf 95' lang='lat' dir='ltr'> </span> 
     </span>
    </p>
   </div>
  </div>
 </body>
</html>
