<?xml version="1.0" encoding="UTF-8"?>
<!DOCTYPE html PUBLIC "-//W3C//DTD XHTML 1.0 Transitional//EN"
    "http://www.w3.org/TR/xhtml1/DTD/xhtml1-transitional.dtd">
<html xmlns="http://www.w3.org/1999/xhtml" xml:lang="en" lang="en">
 <head>
  <title>
</title>
<meta http-equiv="Content-Type" content="text/html;charset=utf-8" />
  <meta name='ocr-system' content='tesseract 3.04.00' />
  <meta name='ocr-capabilities' content='ocr_page ocr_carea ocr_par ocr_line ocrx_word'/>
</head>
<body>
  <div class='ocr_page' id='page_1' title='image "./ccorneliitacitio04taci_0086.png"; bbox 0 0 1670 2961; ppageno 0'>
   <div class='ocr_carea' id='block_1_1' title="bbox 271 115 1378 218">
    <p class='ocr_par' dir='ltr' id='par_1_1' title="bbox 271 115 1378 218">
     <span class='ocr_line' id='line_1_1' title="bbox 271 115 1378 218; baseline 0.007 -19"><span class='ocrx_word' id='word_1_1' title='bbox 271 148 344 218; x_wconf 85' lang='lat'>78</span> <span class='ocrx_word' id='word_1_2' title='bbox 454 143 526 200; x_wconf 89' lang='lat' dir='ltr'>C.</span> <span class='ocrx_word' id='word_1_3' title='bbox 570 115 1018 202; x_wconf 55' lang='lat' dir='ltr'>Corinium</span> <span class='ocrx_word' id='word_1_4' title='bbox 1068 146 1378 206; x_wconf 74' lang='lat' dir='ltr'>TAclrx</span> 
     </span>
    </p>
   </div>
   <div class='ocr_carea' id='block_1_2' title="bbox 52 239 1570 1637">
    <p class='ocr_par' dir='ltr' id='par_1_2' title="bbox 268 239 1548 331">
     <span class='ocr_line' id='line_1_2' title="bbox 268 239 1548 331; baseline 0.008 -32"><span class='ocrx_word' id='word_1_5' title='bbox 268 240 476 299; x_wconf 84' lang='lat' dir='ltr'>noratis</span> <span class='ocrx_word' id='word_1_6' title='bbox 526 247 642 321; x_wconf 87' lang='lat' dir='ltr'>jam</span> <span class='ocrx_word' id='word_1_7' title='bbox 693 239 913 303; x_wconf 85' lang='lat' dir='ltr'>senibus</span> <span class='ocrx_word' id='word_1_8' title='bbox 946 291 963 316; x_wconf 84' lang='lat'>‚</span> <span class='ocrx_word' id='word_1_9' title='bbox 1023 246 1314 306; x_wconf 90' lang='lat' dir='ltr'>cumulum</span> <span class='ocrx_word' id='word_1_10' title='bbox 1357 246 1548 331; x_wconf 85' lang='lat' dir='ltr'>digni-</span> 
     </span>
    </p>

    <p class='ocr_par' dir='ltr' id='par_1_3' title="bbox 52 316 1548 404">
     <span class='ocr_line' id='line_1_3' title="bbox 52 316 1548 404; baseline 0.006 -22"><span class='ocrx_word' id='word_1_11' title='bbox 52 316 102 356; x_wconf 83' lang='lat' dir='ltr'>A.</span> <span class='ocrx_word' id='word_1_12' title='bbox 122 319 174 356; x_wconf 75' lang='lat' dir='ltr'>U·</span> <span class='ocrx_word' id='word_1_13' title='bbox 195 316 244 356; x_wconf 77' lang='lat' dir='ltr'>C·</span> <span class='ocrx_word' id='word_1_14' title='bbox 269 324 435 395; x_wconf 80' lang='lat' dir='ltr'>tatiS,</span> <span class='ocrx_word' id='word_1_15' title='bbox 477 324 738 404; x_wconf 80' lang='lat' dir='ltr'>addidit3</span> <span class='ocrx_word' id='word_1_16' title='bbox 798 335 855 386; x_wconf 64' lang='grc' dir='ltr'>ὃ(</span> <span class='ocrx_word' id='word_1_17' title='bbox 884 330 1072 388; x_wconf 74' lang='lat' dir='ltr'>recens</span> <span class='ocrx_word' id='word_1_18' title='bbox 1115 330 1183 389; x_wconf 90' lang='lat' dir='ltr'>ab</span> <span class='ocrx_word' id='word_1_19' title='bbox 1223 331 1412 391; x_wconf 80' lang='lat' dir='ltr'>exsilio</span> <span class='ocrx_word' id='word_1_20' title='bbox 1457 355 1548 391; x_wconf 80' lang='lat' dir='ltr'>re-</span> 
     </span>
    </p>

    <p class='ocr_par' dir='ltr' id='par_1_4' title="bbox 93 387 1546 503">
     <span class='ocr_line' id='line_1_4' title="bbox 93 387 1546 503; baseline 0.003 -35"><span class='ocrx_word' id='word_1_21' title='bbox 93 387 205 503; x_wconf 47' lang='grc' dir='ltr'>ξιξ</span> <span class='ocrx_word' id='word_1_22' title='bbox 272 405 453 469; x_wconf 85' lang='lat' dir='ltr'>versos</span> <span class='ocrx_word' id='word_1_23' title='bbox 483 408 702 468; x_wconf 89' lang='lat' dir='ltr'>nobiles</span> <span class='ocrx_word' id='word_1_24' title='bbox 746 409 1190 472; x_wconf 84' lang='lat' dir='ltr'>adolescentulos</span> <span class='ocrx_word' id='word_1_25' title='bbox 1224 461 1240 485; x_wconf 87' lang='grc'>,</span> <span class='ocrx_word' id='word_1_26' title='bbox 1287 413 1447 473; x_wconf 81' lang='lat' dir='ltr'>avitis</span> <span class='ocrx_word' id='word_1_27' title='bbox 1484 438 1546 474; x_wconf 84' lang='lat' dir='ltr'>ac</span> 
     </span>
    </p>

    <p class='ocr_par' dir='ltr' id='par_1_5' title="bbox 110 486 1547 581">
     <span class='ocr_line' id='line_1_5' title="bbox 110 486 1547 581; baseline 0.005 -31"><span class='ocrx_word' id='word_1_28' title='bbox 110 486 216 581; x_wconf 46' lang='lat'>{9⁶⁸</span> <span class='ocrx_word' id='word_1_29' title='bbox 270 492 514 577; x_wconf 86' lang='lat' dir='ltr'>paternis</span> <span class='ocrx_word' id='word_1_30' title='bbox 542 490 863 551; x_wconf 78' lang='lat' dir='ltr'>sacerdotiis</span> <span class='ocrx_word' id='word_1_31' title='bbox 903 495 962 551; x_wconf 89' lang='lat' dir='ltr'>in</span> <span class='ocrx_word' id='word_1_32' title='bbox 991 494 1251 556; x_wconf 86' lang='lat' dir='ltr'>solatium</span> <span class='ocrx_word' id='word_1_33' title='bbox 1295 498 1547 557; x_wconf 82' lang='lat' dir='ltr'>recoluit.</span> 
     </span>
    </p>

    <p class='ocr_par' dir='ltr' id='par_1_6' title="bbox 104 572 1551 653">
     <span class='ocr_line' id='line_1_6' title="bbox 104 572 1551 653; baseline 0.004 -19"><span class='ocrx_word' id='word_1_34' title='bbox 104 572 114 578; x_wconf 62' lang='grc'><strong>’</strong></span> <span class='ocrx_word' id='word_1_35' title='bbox 157 586 167 590; x_wconf 81' lang='grc'>”</span> <span class='ocrx_word' id='word_1_36' title='bbox 273 574 556 635; x_wconf 78' lang='lat' dir='ltr'>Redditus</span> <span class='ocrx_word' id='word_1_37' title='bbox 608 574 795 633; x_wconf 90' lang='lat' dir='ltr'>Cadio</span> <span class='ocrx_word' id='word_1_38' title='bbox 843 575 998 634; x_wconf 89' lang='lat' dir='ltr'>Rufo</span> <span class='ocrx_word' id='word_1_39' title='bbox 1036 624 1053 647; x_wconf 82' lang='lat'>‚</span> <span class='ocrx_word' id='word_1_40' title='bbox 1109 581 1284 639; x_wconf 85' lang='lat' dir='ltr'>Pedio</span> <span class='ocrx_word' id='word_1_41' title='bbox 1339 581 1551 653; x_wconf 81' lang='lat' dir='ltr'>Blaeso,</span> 
     </span>
    </p>

    <p class='ocr_par' dir='ltr' id='par_1_7' title="bbox 272 657 1555 745">
     <span class='ocr_line' id='line_1_7' title="bbox 272 657 1555 745; baseline 0.004 -27"><span class='ocrx_word' id='word_1_42' title='bbox 272 658 479 718; x_wconf 87' lang='lat' dir='ltr'>Sevino</span> <span class='ocrx_word' id='word_1_43' title='bbox 508 659 817 740; x_wconf 85' lang='lat' dir='ltr'>Pomptino</span> <span class='ocrx_word' id='word_1_44' title='bbox 860 657 1162 721; x_wconf 85' lang='lat' dir='ltr'>senatorius</span> <span class='ocrx_word' id='word_1_45' title='bbox 1212 662 1403 735; x_wconf 77' lang='lat' dir='ltr'>locuS,</span> <span class='ocrx_word' id='word_1_46' title='bbox 1455 665 1555 745; x_wconf 86' lang='lat' dir='ltr'>qui</span> 
     </span>
    </p>

    <p class='ocr_par' dir='ltr' id='par_1_8' title="bbox 275 740 1557 825">
     <span class='ocr_line' id='line_1_8' title="bbox 275 740 1557 825; baseline 0.003 -23"><span class='ocrx_word' id='word_1_47' title='bbox 275 740 717 825; x_wconf 86' lang='lat' dir='ltr'>repetundarum</span> <span class='ocrx_word' id='word_1_48' title='bbox 759 741 1086 802; x_wconf 83' lang='lat' dir='ltr'>criminibus</span> <span class='ocrx_word' id='word_1_49' title='bbox 1113 791 1128 815; x_wconf 84' lang='lat'>‚</span> <span class='ocrx_word' id='word_1_50' title='bbox 1176 743 1275 804; x_wconf 91' lang='lat' dir='ltr'>sub</span> <span class='ocrx_word' id='word_1_51' title='bbox 1309 745 1557 806; x_wconf 88' lang='lat' dir='ltr'>Claudio</span> 
     </span>
    </p>

    <p class='ocr_par' dir='ltr' id='par_1_9' title="bbox 275 825 1559 913">
     <span class='ocr_line' id='line_1_9' title="bbox 275 825 1559 913; baseline 0.006 -28"><span class='ocrx_word' id='word_1_52' title='bbox 275 849 340 886; x_wconf 85' lang='lat' dir='ltr'>ac</span> <span class='ocrx_word' id='word_1_53' title='bbox 389 825 618 885; x_wconf 86' lang='lat' dir='ltr'>Nerone</span> <span class='ocrx_word' id='word_1_54' title='bbox 647 868 673 894; x_wconf 82' lang='lat'><em>,</em></span> <span class='ocrx_word' id='word_1_55' title='bbox 736 825 1070 886; x_wconf 82' lang='lat' dir='ltr'>ceciderant.</span> <span class='ocrx_word' id='word_1_56' title='bbox 1116 828 1328 888; x_wconf 82' lang='lat' dir='ltr'>Placuit</span> <span class='ocrx_word' id='word_1_57' title='bbox 1367 830 1559 913; x_wconf 83' lang='lat' dir='ltr'>ignos-</span> 
     </span>
    </p>

    <p class='ocr_par' dir='ltr' id='par_1_10' title="bbox 276 906 1560 993">
     <span class='ocr_line' id='line_1_10' title="bbox 276 906 1560 993; baseline 0.004 -25"><span class='ocrx_word' id='word_1_58' title='bbox 276 908 575 981; x_wconf 84' lang='lat' dir='ltr'>centibus,</span> <span class='ocrx_word' id='word_1_59' title='bbox 619 906 776 967; x_wconf 86' lang='lat' dir='ltr'>verso</span> <span class='ocrx_word' id='word_1_60' title='bbox 822 910 1091 981; x_wconf 88' lang='lat' dir='ltr'>nomine,</span> <span class='ocrx_word' id='word_1_61' title='bbox 1139 912 1293 993; x_wconf 85' lang='lat' dir='ltr'>quod</span> <span class='ocrx_word' id='word_1_62' title='bbox 1332 914 1560 973; x_wconf 83' lang='lat' dir='ltr'>avaritia</span> 
     </span>
    </p>

    <p class='ocr_par' dir='ltr' id='par_1_11' title="bbox 277 990 1557 1158">
     <span class='ocr_line' id='line_1_11' title="bbox 277 990 1557 1074; baseline 0.004 -22"><span class='ocrx_word' id='word_1_63' title='bbox 277 990 502 1064; x_wconf 85' lang='lat' dir='ltr'>fuerat,</span> <span class='ocrx_word' id='word_1_64' title='bbox 570 991 750 1050; x_wconf 90' lang='lat' dir='ltr'>videri</span> <span class='ocrx_word' id='word_1_65' title='bbox 793 995 1136 1074; x_wconf 85' lang='lat' dir='ltr'>majestatem</span> <span class='ocrx_word' id='word_1_66' title='bbox 1177 1020 1188 1053; x_wconf 93' lang='lat'><strong>:</strong></span> <span class='ocrx_word' id='word_1_67' title='bbox 1239 1003 1392 1071; x_wconf 85' lang='lat' dir='ltr'>cujus</span> <span class='ocrx_word' id='word_1_68' title='bbox 1433 1016 1557 1057; x_wconf 89' lang='lat' dir='ltr'>tum</span> 
     </span>
     <span class='ocr_line' id='line_1_12' title="bbox 281 1074 1345 1158; baseline 0.001 -21"><span class='ocrx_word' id='word_1_69' title='bbox 281 1075 421 1137; x_wconf 88' lang='lat' dir='ltr'>odio</span> <span class='ocrx_word' id='word_1_70' title='bbox 441 1124 457 1148; x_wconf 84' lang='lat'>‚</span> <span class='ocrx_word' id='word_1_71' title='bbox 492 1074 666 1134; x_wconf 87' lang='lat' dir='ltr'>etiam</span> <span class='ocrx_word' id='word_1_72' title='bbox 691 1074 851 1132; x_wconf 81' lang='lat' dir='ltr'>bonae</span> <span class='ocrx_word' id='word_1_73' title='bbox 890 1075 1041 1158; x_wconf 82' lang='lat' dir='ltr'>leges</span> <span class='ocrx_word' id='word_1_74' title='bbox 1072 1078 1345 1158; x_wconf 81' lang='lat' dir='ltr'>peribant.</span> 
     </span>
    </p>

    <p class='ocr_par' dir='ltr' id='par_1_12' title="bbox 387 1158 1562 1242">
     <span class='ocr_line' id='line_1_13' title="bbox 387 1158 1562 1242; baseline 0.002 -24"><span class='ocrx_word' id='word_1_75' title='bbox 387 1160 722 1219; x_wconf 89' lang='lat' dir='ltr'>LXXVIII.</span> <span class='ocrx_word' id='word_1_76' title='bbox 765 1160 979 1217; x_wconf 81' lang='lat' dir='ltr'>EADEM</span> <span class='ocrx_word' id='word_1_77' title='bbox 1025 1158 1322 1242; x_wconf 81' lang='lat' dir='ltr'>largitione</span> <span class='ocrx_word' id='word_1_78' title='bbox 1369 1162 1562 1220; x_wconf 81' lang='lat' dir='ltr'>civita-</span> 
     </span>
    </p>

    <p class='ocr_par' dir='ltr' id='par_1_13' title="bbox 284 1241 1564 1324">
     <span class='ocr_line' id='line_1_14' title="bbox 284 1241 1564 1324; baseline 0.001 -21"><span class='ocrx_word' id='word_1_79' title='bbox 284 1261 409 1303; x_wconf 84' lang='lat' dir='ltr'>tum</span> <span class='ocrx_word' id='word_1_80' title='bbox 448 1264 676 1324; x_wconf 87' lang='lat' dir='ltr'>quoque</span> <span class='ocrx_word' id='word_1_81' title='bbox 700 1264 762 1300; x_wconf 90' lang='lat' dir='ltr'>ac</span> <span class='ocrx_word' id='word_1_82' title='bbox 785 1241 1200 1324; x_wconf 83' lang='lat' dir='ltr'>provinciarum</span> <span class='ocrx_word' id='word_1_83' title='bbox 1232 1245 1450 1303; x_wconf 90' lang='lat' dir='ltr'>animos</span> <span class='ocrx_word' id='word_1_84' title='bbox 1470 1245 1564 1304; x_wconf 75' lang='lat' dir='ltr'>ad-</span> 
     </span>
    </p>

    <p class='ocr_par' dir='ltr' id='par_1_14' title="bbox 284 1322 1566 1409">
     <span class='ocr_line' id='line_1_15' title="bbox 284 1322 1566 1409; baseline 0.004 -26"><span class='ocrx_word' id='word_1_85' title='bbox 284 1323 490 1409; x_wconf 77' lang='lat' dir='ltr'>gressus</span> <span class='ocrx_word' id='word_1_86' title='bbox 516 1373 533 1397; x_wconf 85' lang='lat'>‚</span> <span class='ocrx_word' id='word_1_87' title='bbox 581 1322 1014 1408; x_wconf 85' lang='lat' dir='ltr'>Hispalienfibus</span> <span class='ocrx_word' id='word_1_88' title='bbox 1043 1335 1101 1387; x_wconf 89' lang='lat'>&amp;</span> <span class='ocrx_word' id='word_1_89' title='bbox 1129 1327 1566 1388; x_wconf 75' lang='lat' dir='ltr'>Emeritensibus</span> 
     </span>
    </p>

    <p class='ocr_par' dir='ltr' id='par_1_15' title="bbox 283 1407 1566 1495">
     <span class='ocr_line' id='line_1_16' title="bbox 283 1407 1566 1495; baseline 0.004 -28"><span class='ocrx_word' id='word_1_90' title='bbox 283 1408 633 1468; x_wconf 76' lang='lat' dir='ltr'>familiarum</span> <span class='ocrx_word' id='word_1_91' title='bbox 724 1407 1065 1487; x_wconf 61' lang='lat' dir='ltr'>adjedtiones</span> <span class='ocrx_word' id='word_1_92' title='bbox 1113 1457 1131 1481; x_wconf 86' lang='lat'>‚</span> <span class='ocrx_word' id='word_1_93' title='bbox 1211 1411 1566 1495; x_wconf 83' lang='lat' dir='ltr'>Lingonibus</span> 
     </span>
    </p>

    <p class='ocr_par' dir='ltr' id='par_1_16' title="bbox 283 1491 1570 1578">
     <span class='ocr_line' id='line_1_17' title="bbox 283 1491 1570 1578; baseline 0.001 -25"><span class='ocrx_word' id='word_1_94' title='bbox 283 1491 549 1553; x_wconf 74' lang='lat' dir='ltr'>universis</span> <span class='ocrx_word' id='word_1_95' title='bbox 596 1491 884 1550; x_wconf 88' lang='lat' dir='ltr'>civitatem</span> <span class='ocrx_word' id='word_1_96' title='bbox 930 1493 1256 1552; x_wconf 85' lang='lat' dir='ltr'>Romanam</span> <span class='ocrx_word' id='word_1_97' title='bbox 1279 1541 1296 1567; x_wconf 83' lang='lat'><strong>,</strong></span> <span class='ocrx_word' id='word_1_98' title='bbox 1341 1497 1570 1578; x_wconf 87' lang='lat' dir='ltr'>provin-</span> 
     </span>
    </p>

    <p class='ocr_par' dir='ltr' id='par_1_17' title="bbox 286 1574 1570 1637">
     <span class='ocr_line' id='line_1_18' title="bbox 286 1574 1570 1637; baseline 0.001 -2"><span class='ocrx_word' id='word_1_99' title='bbox 286 1577 382 1636; x_wconf 78' lang='lat' dir='ltr'>ciae</span> <span class='ocrx_word' id='word_1_100' title='bbox 439 1574 649 1634; x_wconf 82' lang='lat' dir='ltr'>Baeticae</span> <span class='ocrx_word' id='word_1_101' title='bbox 707 1575 1047 1633; x_wconf 86' lang='lat' dir='ltr'>Maurorum</span> <span class='ocrx_word' id='word_1_102' title='bbox 1107 1576 1358 1636; x_wconf 83' lang='lat' dir='ltr'>civitates</span> <span class='ocrx_word' id='word_1_103' title='bbox 1413 1578 1570 1637; x_wconf 85' lang='lat' dir='ltr'>dono</span> 
     </span>
    </p>
   </div>
   <div class='ocr_carea' id='block_1_3' title="bbox 62 262 243 274">
    <p class='ocr_par' dir='ltr' id='par_1_18' title="bbox 62 262 243 274">
     <span class='ocr_line' id='line_1_19' title="bbox 62 262 243 274; baseline 0 2687"><span class='ocrx_word' id='word_1_104' title='bbox 62 262 243 274; x_wconf 95' lang='lat' dir='ltr'> </span> 
     </span>
    </p>
   </div>
   <div class='ocr_carea' id='block_1_4' title="bbox 53 275 244 291">
    <p class='ocr_par' dir='ltr' id='par_1_19' title="bbox 53 275 244 291">
     <span class='ocr_line' id='line_1_20' title="bbox 53 275 244 291; baseline 0 0"><span class='ocrx_word' id='word_1_105' title='bbox 53 275 244 291; x_wconf 95' lang='lat' dir='ltr'> </span> 
     </span>
    </p>
   </div>
   <div class='ocr_carea' id='block_1_5' title="bbox 54 293 243 301">
    <p class='ocr_par' dir='ltr' id='par_1_20' title="bbox 54 293 243 301">
     <span class='ocr_line' id='line_1_21' title="bbox 54 293 243 301; baseline 0 2660"><span class='ocrx_word' id='word_1_106' title='bbox 54 293 243 301; x_wconf 95' lang='lat' dir='ltr'> </span> 
     </span>
    </p>
   </div>
   <div class='ocr_carea' id='block_1_6' title="bbox 287 1659 1623 2665">
    <p class='ocr_par' dir='ltr' id='par_1_21' title="bbox 287 1659 1623 2665">
     <span class='ocr_line' id='line_1_22' title="bbox 287 1659 1570 1742; baseline 0.001 -23"><span class='ocrx_word' id='word_1_107' title='bbox 287 1659 450 1719; x_wconf 85' lang='lat' dir='ltr'>dedit</span> <span class='ocrx_word' id='word_1_108' title='bbox 495 1683 509 1717; x_wconf 77' lang='lat' dir='ltr'><strong><em>z</em></strong></span> <span class='ocrx_word' id='word_1_109' title='bbox 564 1680 712 1718; x_wconf 85' lang='lat' dir='ltr'>nova</span> <span class='ocrx_word' id='word_1_110' title='bbox 761 1663 882 1737; x_wconf 87' lang='lat' dir='ltr'>jura</span> <span class='ocrx_word' id='word_1_111' title='bbox 947 1659 1320 1742; x_wconf 64' lang='lat' dir='ltr'>Cappadociae</span> <span class='ocrx_word' id='word_1_112' title='bbox 1349 1708 1367 1734; x_wconf 85' lang='lat'>,</span> <span class='ocrx_word' id='word_1_113' title='bbox 1421 1684 1570 1721; x_wconf 89' lang='lat' dir='ltr'>nova</span> 
     </span>
     <span class='ocr_line' id='line_1_23' title="bbox 288 1741 1567 1824; baseline 0 -20"><span class='ocrx_word' id='word_1_114' title='bbox 288 1741 496 1805; x_wconf 82' lang='lat' dir='ltr'>Africae</span> <span class='ocrx_word' id='word_1_115' title='bbox 516 1788 534 1814; x_wconf 83' lang='grc'>,</span> <span class='ocrx_word' id='word_1_116' title='bbox 576 1741 814 1801; x_wconf 82' lang='lat' dir='ltr'>ostentui</span> <span class='ocrx_word' id='word_1_117' title='bbox 841 1743 1018 1824; x_wconf 79' lang='lat' dir='ltr'>magis</span> <span class='ocrx_word' id='word_1_118' title='bbox 1036 1789 1053 1814; x_wconf 83' lang='lat'>‚</span> <span class='ocrx_word' id='word_1_119' title='bbox 1093 1743 1265 1823; x_wconf 72' lang='lat' dir='ltr'>quam</span> <span class='ocrx_word' id='word_1_120' title='bbox 1294 1743 1567 1806; x_wconf 86' lang='lat' dir='ltr'>mansura.</span> 
     </span>
     <span class='ocr_line' id='line_1_24' title="bbox 287 1824 1572 1908; baseline 0 -20"><span class='ocrx_word' id='word_1_121' title='bbox 287 1830 447 1888; x_wconf 85' lang='lat' dir='ltr'>Inter</span> <span class='ocrx_word' id='word_1_122' title='bbox 469 1849 590 1908; x_wconf 81' lang='lat' dir='ltr'>quae</span> <span class='ocrx_word' id='word_1_123' title='bbox 611 1874 628 1897; x_wconf 86' lang='grc'>,</span> <span class='ocrx_word' id='word_1_124' title='bbox 662 1824 976 1885; x_wconf 71' lang='lat' dir='ltr'>necestitate</span> <span class='ocrx_word' id='word_1_125' title='bbox 1004 1824 1353 1908; x_wconf 81' lang='lat' dir='ltr'>praesentium</span> <span class='ocrx_word' id='word_1_126' title='bbox 1383 1849 1572 1888; x_wconf 87' lang='lat' dir='ltr'>rerum</span> 
     </span>
     <span class='ocr_line' id='line_1_25' title="bbox 287 1908 1574 1991; baseline 0.001 -20"><span class='ocrx_word' id='word_1_127' title='bbox 287 1919 350 1972; x_wconf 73' lang='grc' dir='ltr'>δε</span> <span class='ocrx_word' id='word_1_128' title='bbox 387 1909 713 1970; x_wconf 87' lang='lat' dir='ltr'>instantibus</span> <span class='ocrx_word' id='word_1_129' title='bbox 764 1909 914 1968; x_wconf 80' lang='lat' dir='ltr'>curis</span> <span class='ocrx_word' id='word_1_130' title='bbox 970 1908 1219 1991; x_wconf 85' lang='lat' dir='ltr'>excusata</span> <span class='ocrx_word' id='word_1_131' title='bbox 1247 1959 1264 1983; x_wconf 86' lang='lat'>‚</span> <span class='ocrx_word' id='word_1_132' title='bbox 1319 1934 1392 1972; x_wconf 91' lang='lat' dir='ltr'>ne</span> <span class='ocrx_word' id='word_1_133' title='bbox 1448 1933 1574 1972; x_wconf 90' lang='lat' dir='ltr'>tum</span> 
     </span>
     <span class='ocr_line' id='line_1_26' title="bbox 288 1994 1576 2076; baseline 0 -21"><span class='ocrx_word' id='word_1_134' title='bbox 288 1995 530 2076; x_wconf 88' lang='lat' dir='ltr'>quidem</span> <span class='ocrx_word' id='word_1_135' title='bbox 591 1994 902 2055; x_wconf 85' lang='lat' dir='ltr'>immemor</span> <span class='ocrx_word' id='word_1_136' title='bbox 971 2017 1232 2053; x_wconf 87' lang='lat' dir='ltr'>amorum</span> <span class='ocrx_word' id='word_1_137' title='bbox 1280 2040 1298 2065; x_wconf 85' lang='lat'>,</span> <span class='ocrx_word' id='word_1_138' title='bbox 1378 1997 1576 2055; x_wconf 89' lang='lat' dir='ltr'>statuas</span> 
     </span>
     <span class='ocr_line' id='line_1_27' title="bbox 290 2075 1578 2162; baseline 0 -24"><span class='ocrx_word' id='word_1_139' title='bbox 290 2083 537 2162; x_wconf 77' lang='lat' dir='ltr'>Poppaeae</span> <span class='ocrx_word' id='word_1_140' title='bbox 624 2100 722 2160; x_wconf 89' lang='lat' dir='ltr'>per</span> <span class='ocrx_word' id='word_1_141' title='bbox 800 2075 1333 2137; x_wconf 85' lang='lat' dir='ltr'>senatusconsultum</span> <span class='ocrx_word' id='word_1_142' title='bbox 1409 2101 1578 2161; x_wconf 83' lang='lat' dir='ltr'>repo-</span> 
     </span>
     <span class='ocr_line' id='line_1_28' title="bbox 291 2159 1579 2222; baseline 0 -1"><span class='ocrx_word' id='word_1_143' title='bbox 291 2162 418 2222; x_wconf 80' lang='lat' dir='ltr'>suit.</span> <span class='ocrx_word' id='word_1_144' title='bbox 465 2162 733 2221; x_wconf 85' lang='lat' dir='ltr'>Creditus</span> <span class='ocrx_word' id='word_1_145' title='bbox 788 2163 863 2220; x_wconf 86' lang='lat' dir='ltr'>est</span> <span class='ocrx_word' id='word_1_146' title='bbox 904 2161 1075 2220; x_wconf 88' lang='lat' dir='ltr'>etiam</span> <span class='ocrx_word' id='word_1_147' title='bbox 1123 2161 1195 2219; x_wconf 91' lang='lat' dir='ltr'>de</span> <span class='ocrx_word' id='word_1_148' title='bbox 1242 2159 1579 2221; x_wconf 64' lang='lat' dir='ltr'>celebranda</span> 
     </span>
     <span class='ocr_line' id='line_1_29' title="bbox 294 2242 1605 2328; baseline -0.002 -21"><span class='ocrx_word' id='word_1_149' title='bbox 294 2247 539 2307; x_wconf 87' lang='lat' dir='ltr'>Neronis</span> <span class='ocrx_word' id='word_1_150' title='bbox 562 2243 839 2305; x_wconf 65' lang='lat' dir='ltr'>memoria</span> <span class='ocrx_word' id='word_1_151' title='bbox 876 2242 1196 2328; x_wconf 71' lang='lat' dir='ltr'>agitavisse,</span> <span class='ocrx_word' id='word_1_152' title='bbox 1227 2242 1318 2325; x_wconf 88' lang='lat' dir='ltr'>spe</span> <span class='ocrx_word' id='word_1_153' title='bbox 1341 2245 1580 2327; x_wconf 82' lang='lat' dir='ltr'>vulgum</span> <span class='ocrx_word' id='word_1_154' title='bbox 1603 2313 1605 2315; x_wconf 16' lang='lat'><strong><em>¹</em></strong></span> 
     </span>
     <span class='ocr_line' id='line_1_30' title="bbox 296 2327 1623 2410; baseline -0.004 -21"><span class='ocrx_word' id='word_1_155' title='bbox 296 2328 588 2390; x_wconf 81' lang='lat' dir='ltr'>alliciendi</span> <span class='ocrx_word' id='word_1_156' title='bbox 611 2354 622 2387; x_wconf 81' lang='lat' dir='ltr'><strong><em>z</em></strong></span> <span class='ocrx_word' id='word_1_157' title='bbox 655 2338 712 2388; x_wconf 77' lang='grc' dir='ltr'>δε</span> <span class='ocrx_word' id='word_1_158' title='bbox 734 2327 889 2389; x_wconf 89' lang='lat' dir='ltr'>fuere</span> <span class='ocrx_word' id='word_1_159' title='bbox 913 2376 930 2400; x_wconf 85' lang='lat'>,</span> <span class='ocrx_word' id='word_1_160' title='bbox 975 2327 1073 2410; x_wconf 91' lang='lat' dir='ltr'>qui</span> <span class='ocrx_word' id='word_1_161' title='bbox 1099 2328 1374 2409; x_wconf 81' lang='lat' dir='ltr'>imagines</span> <span class='ocrx_word' id='word_1_162' title='bbox 1400 2330 1581 2407; x_wconf 88' lang='lat' dir='ltr'>Nero-</span> <span class='ocrx_word' id='word_1_163' title='bbox 1621 2382 1623 2384; x_wconf 83' lang='lat'>.</span> 
     </span>
     <span class='ocr_line' id='line_1_31' title="bbox 295 2412 1581 2496; baseline -0.002 -22"><span class='ocrx_word' id='word_1_164' title='bbox 295 2413 384 2474; x_wconf 84' lang='lat' dir='ltr'>nis</span> <span class='ocrx_word' id='word_1_165' title='bbox 435 2433 813 2496; x_wconf 88' lang='lat' dir='ltr'>proponerent</span> <span class='ocrx_word' id='word_1_166' title='bbox 846 2437 859 2470; x_wconf 81' lang='lat' dir='ltr'><em>z</em></span> <span class='ocrx_word' id='word_1_167' title='bbox 893 2433 1060 2494; x_wconf 91' lang='lat' dir='ltr'>atque</span> <span class='ocrx_word' id='word_1_168' title='bbox 1090 2412 1265 2472; x_wconf 87' lang='lat' dir='ltr'>etiam</span> <span class='ocrx_word' id='word_1_169' title='bbox 1305 2413 1531 2479; x_wconf 89' lang='lat' dir='ltr'>Othoni</span> <span class='ocrx_word' id='word_1_170' title='bbox 1553 2457 1581 2484; x_wconf 83' lang='lat'><em>,</em></span> 
     </span>
     <span class='ocr_line' id='line_1_32' title="bbox 299 2495 1580 2580; baseline -0.002 -24"><span class='ocrx_word' id='word_1_171' title='bbox 299 2496 635 2578; x_wconf 85' lang='lat' dir='ltr'>quibusdam</span> <span class='ocrx_word' id='word_1_172' title='bbox 703 2496 899 2556; x_wconf 89' lang='lat' dir='ltr'>diebus</span> <span class='ocrx_word' id='word_1_173' title='bbox 953 2496 1190 2580; x_wconf 83' lang='lat' dir='ltr'>populus</span> <span class='ocrx_word' id='word_1_174' title='bbox 1250 2503 1308 2556; x_wconf 88' lang='lat'>&amp;</span> <span class='ocrx_word' id='word_1_175' title='bbox 1361 2495 1580 2566; x_wconf 55' lang='lat' dir='ltr'>milesj</span> 
     </span>
     <span class='ocr_line' id='line_1_33' title="bbox 296 2578 1578 2665; baseline 0 -25"><span class='ocrx_word' id='word_1_176' title='bbox 296 2601 594 2665; x_wconf 79' lang='lat' dir='ltr'>tamquam</span> <span class='ocrx_word' id='word_1_177' title='bbox 621 2580 980 2643; x_wconf 84' lang='lat' dir='ltr'>nobilitatem</span> <span class='ocrx_word' id='word_1_178' title='bbox 1020 2605 1082 2643; x_wconf 89' lang='lat' dir='ltr'>ac</span> <span class='ocrx_word' id='word_1_179' title='bbox 1125 2581 1295 2643; x_wconf 86' lang='lat' dir='ltr'>decus</span> <span class='ocrx_word' id='word_1_180' title='bbox 1334 2578 1578 2640; x_wconf 82' lang='lat' dir='ltr'>adstrue-</span> 
     </span>
    </p>
   </div>
  </div>
 </body>
</html>
