1670 2961
252 174 814 240 'ntsTORrARUM
857 149 1014 214 Lrn.
1055 151 1132 214 Π.
1224 162 1341 233 135¹

63 260 296 347 penuria
324 281 475 342 aquae
498 255 883 338 fatigarentur.
927 253 1020 313 lbi
1047 254 1118 314 de
1146 253 1558 338 proeliom..

66 346 389 406 dubitatum
404 389 420 414 ,
443 336 686 400 Othone*
699 359 796 422 per
815 336 1000 397 literas
1023 338 1309 419 flagitante
1326 384 1342 411 ‚
1361 350 1410 392 A.
1430 352 1482 390 U.
1501 349 1556 391 c.

67 451 130 490 ut
158 444 499 487 maturarent
523 447 544 502 3
581 420 860 483 militibus
888 467 906 493 ,
945 441 1007 480 ut
1030 422 1345 504 Imperator
1405 427 1518 470 822·

64 524 262 598 pugnat
309 505 518 570 adeffet
555 552 573 579 ‚
629 505 986 589 poscentibus
1023 529 1038 563 z
1089 504 1344 588 plerique
1405 507 1443 547 J·
1473 503 1528 547 C·

61 596 247 678 copias
273 614 420 654 trans
444 590 663 650 Padurn
694 610 924 674 agentes
952 589 1118 648 acciri
1154 590 1344 673 postu-
1413 583 1497 638 ⁶9³
1537 651 1540 655 ,

63 678 273 740 labant.
339 679 460 737 Nec
503 673 739 758 perinde
783 671 1080 754 dijudicari
1122 673 1302 756 potest
1325 718 1346 745 ,

63 762 204 845 quid
237 786 274 822 o
316 762 523 821 timum
550 755 701 818 factu
729 755 900 816 fuerit
921 804 942 830 ,
974 756 1150 838 quam
1187 755 1350 840 pessi-⁴

63 869 228 908 mum
257 785 417 906 fliiffe
439 890 458 916 ‚
493 840 652 924 quod
682 840 896 902 fastum
919 841 1013 902 est.

145 930 271 989 XL.
308 929 451 990 NON
474 947 537 986 ut
559 925 631 986 ad
661 948 912 1012 pugnam
936 970 954 998 ‚
998 920 1098 984 sed
1124 920 1196 983 ad
1222 919 1351 984 bel-

61 1011 300 1074 landum
352 1008 593 1096 profesti
628 1057 648 1084 ,
701 1010 1048 1070 confluentes
1099 1006 1239 1067 Padi
1289 1016 1351 1069 &

60 1095 282 1158 Adduae
306 1095 612 1156 fluminum
628 1142 648 1169 ,
670 1093 919 1154 sedecim
938 1090 1074 1159 inde
1096 1090 1351 1152 millium

60 1178 242 1264 spatio
265 1179 527 1240 distantes
548 1227 567 1253 ‚
589 1179 880 1264 petebant.
913 1172 1087 1236 Celso
1107 1181 1165 1236 δε
1187 1176 1353 1238 Paul-v

61 1263 182 1324 lino
210 1263 587 1325 abnuentibus
607 1311 625 1336 ,
668 1290 702 1315 α
720 1261 972 1322 militem
1003 1258 1205 1320 itinere
1236 1256 1349 1320 fes-

53 1346 262 1422 nsum,
300 1346 525 1407 sarcinis
561 1370 791 1432 gravem
815 1395 839 1420 ,
881 1344 1127 1427 objicere
1160 1344 1351 1418 hosti,·

53 1455 220 1491 annon
239 1430 545 1492 admissuro
563 1480 580 1505 ‚
605 1432 912 1513 quominus
935 1428 1226 1513 expeditus
1243 1476 1260 1502 ,
1282 1437 1356 1491 &f

51 1515 191 1577 xvix
219 1537 459 1599 quatuor
490 1515 675 1576 millia
704 1513 958 1601 paffuum
991 1511 1303 1598 progressus
1327 1530 1354 1589 ,²

51 1620 197 1661 soaut
219 1598 620 1685 incompositos
642 1601 704 1660 in
725 1599 954 1686 agmine
972 1647 989 1672 ,
1015 1619 1109 1658 aut
1132 1596 1346 1682 disper-

53 1683 185 1743 sosos
200 1732 216 1756 ,
244 1693 303 1746 δε
317 1686 532 1746 vallum
550 1682 1351 1767 molientes.adgrederetur³o;

54 1768 319 1829 Titianus
346 1778 405 1831 &
430 1769 695 1831 Proculus
715 1818 733 1843 ‚
762 1769 861 1830 ubi
885 1766 1125 1829 confiliis
1150 1769 1348 1828 vince-

54 1869 284 1926 rentur,
317 1853 390 1913 ad
410 1860 493 1935 jus
516 1855 744 1938 imperii
769 1851 1092 1914 transibant.
1127 1850 1348 1912 Aderat

55 1934 184 1996 sane
213 1937 353 1997 citus
381 1960 530 2019 equo
560 1937 815 1997 Numida
835 1985 852 2010 ‚
892 1959 1025 1996 cum
1063 1935 1346 1995 atrocibus

53 2020 339 2081 mandatis
363 2068 380 2093 ,
418 2021 619 2102 quibus
644 2022 808 2082 Otho
831 2068 848 2094 ,
886 2019 1160 2103 increpita
1193 2047 1227 2073 oc
1244 2018 1347 2079 du-

54 2128 233 2164 mcum
261 2103 495 2189 segnitia
518 2154 534 2179 ‚
571 2129 694 2167 rem
718 2107 778 2166 in
804 2103 1109 2165 discrimen
1131 2104 1287 2164 mitti
1299 2125 1346 2163 ως

57 2188 320 2272 jubebat3
351 2213 492 2273 aeger
518 2191 677 2250 mora
697 2240 716 2265 ,
743 2199 800 2251 &
822 2188 936 2272 spei
957 2189 1277 2273 impatiens,

146 2273 300 2334 XLI.
324 2277 540 2336 EADEM
568 2275 662 2338 die
686 2324 703 2350 ,
730 2275 801 2335 ad
822 2275 1110 2335 Caecinam
1132 2323 1149 2348 ,
1182 2271 1343 2358 operi

55 2356 242 2439 pontis
286 2358 570 2420 intentum
590 2411 608 2437 ,
657 2361 770 2422 duo
816 2360 1199 2444 praetoriarum
1244 2380 1342 2416 co·-

56 2441 312 2501 hortium
340 2444 587 2520 tribuni,
626 2445 977 2526 colloquium
1007 2450 1122 2523 ejus
1155 2442 1343 2524 postu-

59 2523 239 2585 lantes
269 2576 285 2599 ,
332 2551 621 2590 venerunt.
690 2529 905 2590 Audire
944 2525 1298 2585 conditiones
1322 2573 1344 2600 ,

64 2633 126 2669 ac
164 2610 399 2675 reddere
436 2614 664 2696 parabat
691 2663 709 2688 ,
753 2611 883 2672 cum
911 2609 1216 2694 praecipites
1248 2633 1345 2679 ex,-¹
