1659 2928
330 141 878 184 nis-ronrArmM
930 123 1038 183 No
1059 135 1177 181 TAE.
1291 139 1410 204 495

138 215 309 272 fuerint
347 223 480 273 docet
507 223 742 274 Vitruvius
774 223 842 271 ΙΙΙ
863 260 876 283 ,
910 242 954 270 2.
1005 221 1214 270 Porticus
1253 223 1419 288 templ-i.-

139 285 269 341 Jovis
299 288 590 356 Capitolini,
628 291 730 351 ejus
755 306 811 335 ue
840 288 1071 354 fastigium
1101 287 1238 355 fignis
1272 305 1417 341 orna-2

140 369 237 402 tum
273 357 412 405 exstat
442 359 490 404 in
520 355 689 403 Petiliae
721 307 904 401 liamffiae
935 352 1122 419 aliisque
1150 357 1370 403 nummis.

201 419 496 484 Indireptum.
520 419 637 468 Haec
657 421 816 467 omnia
837 418 1012 479 turbat,
1042 417 1244 487 falsaque
1260 434 1420 473 narrat
1473 469 1481 477 ,

133 483 365 553 josephus
391 487 507 535 Bell.
532 485 758 567 jud-JV,
784 503 835 534 11
859 523 876 547 ‚
905 503 1032 534 num.
1051 503 1101 545 4.

201 615 327 665 CAP.
361 615 573 665 LXXII.
612 615 797 684 Pignus
831 614 1025 676 imperii.
1062 611 1182 664 Rem
1220 614 1413 665 illustrat

131 677 297 730 Florus
328 682 378 743 Ι,
411 701 457 742 7.
501 682 787 751 Tarqui-nius
824 682 1058 747 Superbus
1090 681 1144 731 de
1179 680 1411 731 manubiis

131 762 368 808 captarum
385 748 560 798 urbium
581 748 790 811 templum
811 749 957 798 erexit
980 789 994 811 ,
1013 747 1127 814 quod
1147 749 1248 796 citm
1270 748 1416 797 inau-

124 828 394 879 guraretur,
416 815 678 864 cedentibus
698 815 860 865 ceteris
876 813 974 863 deis
1000 813 1143 879 (mira
1162 830 1236 862 res
1254 812 1369 862 difflu
1384 816 1417 874 >¹

129 880 328 947 restitere
359 879 592 931 Juventas
629 880 680 930 ὓ
702 880 963 931 Terminus.
1000 879 1193 930 Placuit
1226 879 1416 930 vatibus

130 946 420 996 contumacia
448 948 683 996 numinum
707 968 723 996 .·
780 946 974 1012 equidem
994 947 1139 1012 firma
1171 947 1324 996 omnia
1354 944 1410 994 &-

125 1027 310 1061 aeterna
338 1013 689 1076 pollicebantur.
723 1013 815 1065 Sed
833 1012 946 1063 illud
969 1011 1237 1062 horrendum
1255 1050 1269 1074 ,
1293 1010 1413 1078 quoti

126 1077 418 1129 molientibus
443 1079 615 1142 aedem,
648 1079 697 1129 in
714 1079 1039 1145 fundamentis
1058 1078 1304 1128 humanum
1328 1094 1409 1127 re-

119 1159 300 1206 pertum
335 1145 393 1212 cst
422 1161 573 1208 caput.
619 1145 725 1196 Nec
769 1146 1035 1197 dubitavere
1080 1144 1227 1194 cuncti
1259 1143 1412 1210 monf,

124 1224 245 1260 trum
275 1211 625 1289 pulcherrimum
642 1251 659 1275 ,
684 1213 863 1277 imperii
876 1212 1036 1281 sedem
1062 1226 1279 1277 caputque
1308 1224 1411 1265 ter-3

123 1294 283 1328 rarum
297 1293 576 1339 promittere.

189 1343 374 1394 Deditci
407 1343 549 1397 Urbe.
579 1344 798 1396 Oratorie
822 1348 996 1413 magis,
1026 1343 1166 1412 quam
1190 1339 1410 1409 historic&

124 1407 315 1459 dictum.
333 1411 532 1461 Porsena
547 1453 560 1475 ‚
581 1411 872 1462 Etruscorum
886 1431 964 1461 rex
979 1451 992 1472 ,
1008 1410 1273 1464 Janiculum
1300 1412 1408 1477 qui-

124 1475 232 1524 dem
270 1482 517 1544 occupavit
545 1518 559 1541 ‚
601 1480 707 1545 ipfis
743 1479 886 1527 Urbis
925 1477 1129 1526 faucibus
1164 1475 1412 1536 incubuit,

127 1541 304 1591 obsides
328 1548 504 1610 accepit
527 1564 539 1592 :
576 1561 621 1593 at
641 1564 740 1593 non
763 1545 914 1593 dedita
937 1543 1066 1592 Urbs
1086 1582 1098 1604 ,
1133 1559 1182 1592 ut
1204 1558 1329 1609 patet
1347 1559 1405 1590 ex

122 1605 268 1656 Floro
287 1610 309 1657 I
325 1648 339 1672 ‚
368 1628 425 1659 10
439 1649 452 1671 ,
484 1608 670 1678 aliisque
693 1612 871 1660 Latinis
892 1608 1157 1678 Graecisque
1178 1609 1406 1658 Romanae

123 1673 323 1724 historiae
342 1674 648 1741 scriptoribus.
666 1675 767 1742 Ipse
804 1695 861 1724 ue
872 1676 1062 1725 Tacitus
1075 1715 1087 1735 ,
1104 1676 1278 1724 Annal.
1296 1674 1371 1723 XI
1390 1713 1410 1737 ‚

126 1758 222 1801 24,
255 1744 347 1790 ait:
382 1741 543 1807 Tuftis
571 1741 740 1809 obsides
768 1695 987 1792 dedimus.
1034 1741 1222 1792 Viribus
1247 1757 1406 1790 tamen

122 1804 209 1856 suis
234 1807 450 1874 superbus
473 1807 673 1857 Porsena
693 1811 912 1857 statuitne
922 1806 1070 1870 ferro,
1094 1806 1180 1873 nist
1212 1808 1259 1856 in
1298 1806 1407 1874 agri

21 1865 32 1869 „
122 1872 273 1934 cul'tu,
299 1890 533 1923 uterentur
556 1874 772 1923 Romani.
788 1875 907 1925 Vide
926 1873 1046 1922 Plin.
1060 1872 1303 1933 XXXIV,
1329 1889 1414 1933 1402

192 1937 361 2002 Capta.
395 1941 471 1989 De
496 1942 629 1990 Urbe
659 1960 687 1990 a
717 1940 867 1990 Gallis
899 1940 1032 2008 capta
1060 1940 1235 1991 distum
1270 1938 1409 2006 supra}

119 2005 300 2055 'AnnaL
332 2005 440 2069 XI,
474 2025 529 2072 23
559 2014 602 2056 δὲ
628 2026 706 2066 24.

191 2070 333 2122 Civili
370 2072 497 2123 bello.
544 2073 684 2123 Civili
721 2073 842 2122 bello
876 2074 1101 2142 Syllano,
1143 2091 1238 2141 quo
1274 2087 1409 2121 anno

123 2135 268 2188 Urbis
310 2141 505 2190 conditae
538 2157 742 2189 Dcrxxr
768 2180 781 2202 ,
827 2141 1047 2206 Scipione
1085 2147 1130 2188 &
1169 2139 1405 2189 Norbano

20 2255 42 2271 X
127 2203 384 2255 consulibus
417 2247 430 2269 ,
475 2211 592 2256 inter
636 2224 783 2256 cetera
823 2209 965 2256 civilis
1005 2208 1112 2256 belli
1151 2222 1365 2272 portenta
1387 2242 1405 2266 ,

123 2269 448 2336 Capitolium,
488 2277 772 2340 privatorum
808 2273 1055 2322 hominum
1088 2273 1248 2322 fraude
1269 2312 1281 2334 ‚
1321 2274 1402 2324 in·¹

126 2339 248 2385 certa
267 2341 426 2400 causa,
458 2343 774 2408 conflagravit.
801 2340 924 2392 Vide
945 2341 1222 2407 Appianum
1239 2377 1254 2402 ,
1283 2337 1402 2386 Bell..

125 2402 267 2452 Civil.
304 2407 406 2452 libr.
430 2406 451 2452 I
474 2445 486 2466 ‚
516 2425 626 2474 pag.
649 2427 761 2467 400.

189 2468 314 2519 Bello
334 2469 525 2520 Sabino.
540 2474 695 2534 Bello,
716 2472 843 2540 quod
863 2489 1022 2521 contra
1041 2471 1237 2520 Sabinos
1254 2467 1400 2537 gestit.

122 2533 282 2583 Sabini
302 2576 314 2598 ,
341 2555 465 2586 nunc
490 2537 535 2586 la
552 2537 754 2606 Sabine,
779 2538 934 2602 partie
955 2538 1008 2590 de
1026 2536 1248 2590 l’Ombrie
1270 2535 1321 2596 0¹.
1343 2532 1399 2591 de

126 2598 370 2673 l'Abruzze
400 2603 657 2661 ulte'rieure·
