1670 2961
307 184 380 221 ΗΣ
404 177 859 242 §ToruARUM
906 156 1178 219 L13.11.
1286 182 1394 235 109

121 264 277 324 navis
301 309 317 336 ,
363 274 418 325 δε
468 258 790 321 interfectus
839 257 1084 340 quisquis
1127 258 1222 319 ille
1267 281 1399 320 erat.
1418 277 1608 303 εῖτ-’Ξ

125 351 345 428 Corpus
373 345 584 428 infigne
612 341 788 401 oculis
818 388 834 414 ,
878 342 1153 422 comaque
1189 352 1245 402 ὃς
1283 365 1399 402 tor-
1417 335 1464 375 A.
1488 336 1536 373 U.
1557 334 1608 372 c.

123 432 291 490 vitate
318 428 497 489 vultus
520 476 536 500 ‚
572 427 631 485 in
657 425 846 485 Asiam
871 473 888 498 ,
925 445 1094 506 atque
1121 425 1254 484 inde
1281 429 1398 487 Ro„
1451 404 1580 518 ἕως..

123 537 277 572 mam
306 516 630 594 pervectum
661 512 751 570 est.
1109 547 1122 554 -

203 597 278 655 X.
303 601 368 655 IN
397 597 619 655 civitate
649 591 891 652 discordi
913 641 930 665 ,
957 601 1014 653 &
1037 640 1054 665 ‚
1081 591 1156 651 ob
1182 592 1398 653 crebras

123 679 448 762 Principum
478 679 816 737 mutationes
841 722 857 748 ‚
894 679 1040 736 inter
1077 676 1401 738 libertatem

124 786 187 821 ac
216 761 503 823 licentiam
529 761 739 820 incerta
763 807 779 832 ,
822 783 998 841 parvae
1046 783 1273 841 quoque
1319 785 1403 822 res

124 848 341 927 magnis
372 845 621 904 motibus
651 844 975 927 agebantur.
1021 844 1223 904 Vibius
1248 844 1406 903 Cris—

121 950 220 1011 pus
248 976 264 1001 ,
310 928 547 1011 pecunia
570 976 587 1001 ,
634 926 886 1011 potentia
911 976 928 1000 ,
977 927 1209 1010 ingenio
1257 931 1403 989 inter

120 1011 294 1071 claros
319 1014 497 1095 magis
514 1061 530 1085 ,
555 1014 728 1093 quarn
746 1013 892 1071 inter
912 1012 1091 1070 bonos
1109 1060 1125 1084 ,
1146 1011 1404 1073 Annium

115 1096 367 1155 Faustum
391 1145 407 1169 ,
454 1096 719 1177 equestris
751 1095 962 1154 ordinis
987 1143 1004 1169 ‚
1048 1097 1146 1177 qui
1177 1118 1404 1181 tempo-

118 1179 267 1239 ribus
291 1182 532 1240 Neronis
564 1179 876 1239 delationes
908 1178 1254 1240 factitavetat
1278 1229 1294 1253 ,
1333 1181 1405 1241 ad

120 1264 509 1345 cognitionem
525 1261 742 1322 senatus
758 1263 1011 1322 vocabat.
1025 1266 1176 1323 Nam
1196 1267 1406 1339 seceris,

118 1347 311 1409 Galbae
329 1348 644 1430 principatu
663 1396 679 1420 ,
707 1347 1033 1407 censuerant
1055 1369 1265 1431 patre3‚
1294 1378 1327 1401 cc
1343 1371 1405 1409 ut

116 1429 544 1490 ”accusatorum
569 1430 736 1490 causae
758 1430 1119 1491 noscerentur
1134 1462 1195 1491 ο).
1225 1432 1295 1491 Id
1317 1431 1405 1493 se-

113 1512 592 1575 natusconsultum
607 1563 623 1588 ‚
643 1516 793 1575 varie
813 1520 1080 1598 jactatum
1095 1564 1112 1589 ,
1131 1525 1188 1577 &
1202 1563 1218 1590 ,
1237 1538 1404 1599 prout

112 1619 310 1681 potens
336 1647 353 1672 ,
395 1599 485 1660 vel
517 1601 681 1681 inops
727 1623 850 1659 reus
889 1600 1204 1673 inciderat,
1244 1600 1402 1659 infir-

109 1705 275 1742 mum
304 1704 398 1743 aut
422 1683 679 1743 validum
703 1730 719 1756 ‚
761 1684 1127 1744 retinebatur.
1167 1684 1266 1746 Ad
1287 1685 1402 1746 haec

93 1786 320 1834 terrore
358 1777 416 1828 δε
445 1766 670 1852 propria
698 1769 753 1826 vi
777 1767 1001 1849 Crispus
1027 1768 1360 1829 incubuerat
1380 1819 1398 1844 ‚

113 1850 426 1911 delatorem
451 1851 635 1912 fratris
657 1849 738 1910 sui
759 1874 1106 1935 pervertere:
1132 1857 1422 1913 traxerat«

110 1957 220 2015 que
250 1958 516 2018 magnam
550 1934 769 1994 senatus
798 1956 1015 2018 partem
1035 1982 1053 2007 ,
1090 1956 1201 1995 cnut
1230 1936 1399 1998 inde·
1431 1932 1434 1934 i

107 2016 376 2093 „sensum
405 2028 462 2079 δε
487 2018 808 2078 inauditum
838 2018 973 2079 dedi
997 2018 1070 2077 ad
1097 2021 1332 2080 exitium
1351 2047 1397 2078 »ς

108 2102 461 2184 postularent.
496 2103 717 2162 Contra
746 2104 894 2186 apud
917 2103 1052 2162 alios
1077 2103 1218 2162 nihil
1238 2106 1394 2186 aeque

109 2207 204 2245 reo
230 2187 494 2268 proderat
511 2235 528 2259 ‚
561 2187 734 2269 quam
758 2187 937 2247 nimia
958 2189 1211 2271 potentia
1233 2193 1394 2248 accu-

106 2266 294 2329 satoris
333 2295 346 2329 :
405 2270 576 2330 occlari
629 2291 849 2352 tempus
889 2318 905 2343 ‚
962 2271 1057 2331 edi
1105 2273 1342 2331 crimina
1366 2319 1386 2345 ,

106 2353 405 2432 ”quamvis
443 2355 684 2414 invisum
728 2379 789 2413 ac
832 2375 1136 2415 nocentem
1161 2405 1178 2429 ‚
1222 2368 1386 2416 more

103 2456 340 2498 atamen
376 2438 724 2502 audiendum
746 2469 779 2492 ω
812 2437 1127 2499 censebant.
1174 2441 1243 2497 Et
1281 2461 1382 2497 va-

102 2517 255 2578 luere
307 2520 488 2600 primo
515 2570 532 2594 ‚
560 2522 872 2603 ‘dilataque
914 2523 974 2580 in
1015 2545 1216 2603 paucos
1258 2521 1377 2581 dies

102 2604 351 2685 cognitio
376 2598 554 2666 {mox
583 2605 882 2669 damnatus
904 2607 978 2669 est
994 2607 1208 2669 Faustus
1231 2651 1248 2679 ,
1278 2627 1379 2681 ne-¹
1419 2605 1423 2610 ’

1471 548 1551 606 59!
