1659 2928
259 148 798 193 ‹HtsToRtARtJM
845 131 1082 193 No‘rAE.
1210 156 1315 215 505

117 228 363 281 Diximus.
403 229 526 278 Hist.
549 229 619 276 III
642 268 655 289 ‚
688 248 766 287 77.

120 294 179 343 In
214 295 368 361 iisdem
399 294 570 344 anulis.
600 296 781 342 Anulos
801 332 814 354 ‚
848 297 1061 361 equestris
1092 298 1324 366 dignitatis

55 359 252 426 insignia
270 399 282 420 ,
316 361 589 426 proditionis
621 363 859 423 praemium
878 398 891 419 ‚
924 379 951 420 a
975 361 1163 413 Vitellio
1194 384 1328 416 acce..

52 442 200 493 perat.
237 426 314 474 De
339 426 486 473 anulis
511 423 614 472 vide
635 423 756 471 Hist.
780 424 802 470 I
821 462 834 484 ,
868 441 940 487 13.

121 490 413 553 Principibus
428 488 587 555 solita.
620 488 831 537 Nomina
863 490 1155 555 Imperatoris
1174 532 1188 555 ‚
1222 495 1328 544 Cae-

55 554 188 619 sarh,
223 557 419 624 Augusti
436 595 449 617 ,
480 556 719 604 tribunicia
743 557 938 622 potestas
960 595 973 617 ‚
1004 563 1092 607 &c-

125 622 310 672 Forma.
343 621 415 672 Ea
445 623 675 670 literarum
705 621 855 670 forma
875 660 888 682 ,
925 625 1074 688 prima
1104 625 1234 674 facie.

123 686 372 754 Confidare
427 687 679 751 imperium.
749 689 943 737 Sueton.
984 691 1033 736 in
1074 690 1336 741 Domitian.

57 753 184 820 Cap.
223 773 264 803 1.
303 753 461 818 Coefar
498 752 842 818 consalutatus,
884 752 1092 802 honorem
1121 766 1338 818 pr'aeturae

67 820 272 871 Urbanae
316 837 417 868 cum
458 818 681 883 consulari
717 818 936 882 potestate
963 821 1160 883 fitscepit
1203 823 1334 871 titulo

61 899 197 936 tenus
213 907 229 935 .·
254 903 384 952 quam
395 883 745 951 jurisdit‘iionem
767 883 831 934 ad
851 883 1066 951 collegam
1081 888 1338 949 proximum

64 952 315 1021 transtulit.

132 1084 262 1133 Cn».
292 1082 386 1135 -IV-
441 1081 630 1132 Publice
666 1081 933 1147 loqueretur.
982 1081 1172 1131 Publice
1212 1085 1345 1152 loqui

74 1148 335 1199 censebatur
356 1187 369 1210 ‚
408 1152 487 1216 qui
518 1150 577 1198 ad
604 1148 809 1198 senatum
836 1147 1093 1199 consulesve
1113 1150 1348 1200 scribebat.

73 1216 200 1272 Vide
219 1215 498 1264 Ciceronem
520 1255 532 1276 ,
566 1214 655 1280 Ep.
675 1214 790 1275 XV,
825 1232 839 1261 1
871 1221 916 1262 ·&
937 1233 984 1271 9.

139 1281 320 1330 Paucos
350 1281 441 1347 post
473 1281 586 1330 dies.
635 1280 832 1330 Potuisse
851 1281 1019 1329 eadem
1041 1299 1215 1346 paucos
1243 1282 1349 1348 post

75 1347 171 1397 dies
196 1386 209 1408 ,
240 1345 347 1396 cum
366 1349 566 1397 Romam
586 1346 772 1398 veniss‘et
792 1386 806 1410 ,
842 1348 891 1394 in
914 1345 1069 1396 senatu
1102 1348 1206 1396 loco
1241 1348 1349 1412 sen-

75 1417 226 1464 tentiae
263 1414 368 1462 dici.

144 1479 280 1529 Sera.
316 1480 444 1528 Bene
477 1478 633 1526 illustr.
666 1477 896 1528 Huetius:
930 1477 988 1528 Si
1011 1519 1025 1541 ‚
1063 1476 1354 1542 imperitante

77 1543 267 1598 Vitellio
288 1583 305 1608 ,
344 1543 390 1594 id
409 1543 585 1609 feczffet
614 1542 866 1595 Mucianus
892 1584 907 1606 ‚
940 1560 1120 1606 poterat
1157 1543 1352 1611 adscribi

77 1610 281 1662 libertati
308 1631 323 1658 :
362 1610 504 1660 Nunc
539 1610 640 1659 clim
657 1648 672 1672 ,
715 1627 765 1660 eo
792 1624 963 1660 mortuo
993 1610 1042 1661 id
1055 1610 1216 1675 saciat
1234 1652 1252 1678 ,
1287 1610 1356 1661 li·-

17 1721 20 1724 .
79 1677 246 1728 bertati
279 1675 416 1726 tribui
444 1692 536 1723 non
560 1675 714 1739 potest.

150 1742 208 1792 In
257 1741 522 1791 Sarmatas.
578 1740 701 1788 Sane
742 1741 971 1789 Sarmatas
1017 1740 1358 1806 Rhoxolan083

82 1826 207 1877 quos
237 1807 355 1856 forte
379 1805 521 1854 rursus
546 1807 868 1855 tumultuantes
893 1807 1233 1872 compescuerat
1250 1808 1365 1856 Mu·-

90 1879 248 1925 cianus
271 1912 283 1935 ‚
319 1871 423 1921 etim
444 1889 527 1938 per
548 1871 800 1920 Thraciam
821 1873 1126 1941 Moefiamque
1147 1876 1229 1921 iter
1247 1873 1365 1923 face-

91 1958 176 1990 ret.
191 1941 268 1988 De
285 1938 353 1987 his
372 1940 465 2001 jam
486 1939 658 1986 diclum
676 1937 807 2003 supra
821 1938 1002 2000 Hist.1,
1016 1959 1094 1997 79.
1108 1947 1150 1987 &
1167 1940 1262 1999 ΙΙΙ,
1286 1959 1364 1998 24.

92 2005 377 2073 Fingebatur
401 2020 553 2053 autem
581 2004 678 2052 haec
701 2005 929 2070 expeditio
955 2043 967 2064 ‚
1002 2005 1128 2072 quod
1159 2005 1214 2053 de
1239 2007 1369 2055 victis

90 2074 265 2122 civibus
291 2070 583 2136 triumphalia
600 2070 697 2118 dari
725 2088 821 2117 non
845 2087 1075 2135 poterant.
1110 2072 1186 2118 De
1208 2073 1369 2119 trium-

91 2138 310 2205 phalibus
334 2138 614 2186 ornamentis
637 2137 770 2204 plura
790 2136 995 2186 dicentur
1014 2141 1062 2186 in
1081 2136 1191 2189 Vita
1205 2136 1368 2205 Agric-

94 2204 224 2272 Cap.
247 2221 325 2264 40.

164 2334 296 2384 CAt’.
324 2333 388 2385 V.
431 2333 599 2384 Iterum
629 2335 678 2385 in
713 2334 998 2385 mentionem.
1037 2335 1114 2385 De
1149 2335 1374 2385 Helvidio

101 2403 201 2468 jam
231 2401 352 2449 facta
379 2404 553 2449 mentio
584 2400 717 2468 supra
745 2401 920 2450 Annal.
947 2401 1104 2463 XVI,
1138 2417 1212 2464 35.

175 2466 380 2533 Regione
422 2465 593 2517 Italiae.
655 2468 771 2515 Haec
813 2468 994 2517 infititia
1031 2473 1077 2515 &
1125 2464 1383 2518 omittenda

111 2533 335 2588 videntur.
373 2529 544 2582 Omifit
567 2533 845 2584 Davanzati.

247 2597 375 2649 Tom.
398 2595 490 2650 IV.
1169 2594 1216 2656 X
