1659 2928
206 116 336 188 '564
424 108 494 164 IN
541 108 973 166 FRAGMENTUM
1018 110 1194 169 LIBRI
1239 89 1385 170 XCI

213 206 279 253 est
296 204 417 269 apud
438 203 670 253 eruditum
684 202 854 269 Fiorez
867 242 882 266 ,
904 207 1160 256 Medullas
1179 208 1234 255 de
1253 209 1303 256 E
1292 207 1492 274 spar'ia9·

215 271 344 319 Tab.
385 271 477 318 LII
499 308 514 332 ‚
556 287 685 318 num.
732 289 808 319 12.
855 271 1132 321 rariffimum
1172 273 1490 339 insignemque

211 353 460 385 nummum
484 373 500 396 ,
536 336 585 383 in
622 353 710 399 quo
740 350 878 400 caput
904 337 1105 387 hominis
1133 355 1191 386 ex
1221 356 1300 386 ore
1322 356 1490 404 aquam
1554 386 1558 387 γ

209 401 536 466 projicientis:
576 401 693 449 infra
739 418 987 452 HIBERVS.
1039 405 1153 452 Inde
1186 405 1357 452 constat
1389 419 1490 452 tum

209 468 397 531 antiqua
415 467 743 533 orthographia
760 504 775 528 ,
798 469 874 516 cui
891 469 1014 518 favet
1037 470 1186 518 codex
1202 469 1455 520 Vaticanus
1471 506 1490 533 ,

206 546 310 583 tum
337 533 595 597 Hispanum
619 532 821 580 fluminis
844 532 1120 598 symbolum.

279 600 520 665 Oppidum
537 636 551 660 ,
583 599 715 663 quod
739 599 905 664 Castra
925 602 1074 648 AElicz
1094 617 1309 650 vocatur.
1330 599 1490 664 Oppi-

208 662 329 712 'dum
364 665 484 712 illud
514 665 594 712 uni
615 663 757 712 Livio
792 682 1102 714 memoratum
1127 705 1142 729 ,
1177 666 1491 730 propinquum

207 730 299 778 :fuit
331 730 512 778 Hibero
543 729 762 778 flumini:
801 731 865 778 ita
898 731 1001 779 sane
1034 732 1206 780 distum
1231 769 1245 791 ‚
1278 734 1332 779 ab
1361 731 1491 780 AElio

208 796 372 860 aliquo
394 796 474 861 qui
492 797 634 845 castra
655 795 720 843 ibi
751 796 1027 846 condiderit.
1070 799 1125 846 In
1157 797 1290 847 Oscae
1313 835 1328 859 ,
1367 800 1491 848 nunc

212 863 407 927 Haesca
430 900 445 924 ,
474 861 677 910 nummis
697 877 984 911 memoratur
1009 880 1051 913 c.
1072 880 1259 913 AELIVS
1280 868 1327 915 Π
1346 880 1448 913 VIR
1470 901 1490 927 ,

211 927 262 976 id
288 929 350 975 est
373 932 429 976 C.
455 930 630 976 AElius
653 928 890 977 duumvir.

287 995 416 1061 Qua?
438 1011 527 1042 aut
545 994 807 1042 itineribus.
852 993 968 1042 Haec
993 994 1069 1042 Cl.
1089 995 1236 1042 Bruns
1270 993 1361 1042 fine
1393 993 1494 1044 ulla‘i

210 1057 500 1108 'distinstione
523 1077 629 1108 cum
648 1059 936 1123 sequentibus
956 1078 1082 1108 nova
1102 1061 1237 1108 marze'
1263 1060 1348 1108 Ge.
1375 1079 1492 1110 con-

215 1124 456 1192 jungebat.
512 1125 656 1189 Quod
686 1126 825 1189 quam
855 1125 1068 1174 vitiosum
1101 1126 1153 1174 sit
1180 1126 1282 1175 satis
1318 1127 1494 1177 indicat

213 1208 385 1252 rerum
409 1192 749 1254 verborumque
779 1191 932 1239 serieS.

283 1256 742 1323 Oppzignacionibus
762 1256 1004 1323 variisque
1013 1259 1211 1325 proeliis
1229 1257 1492 1321 labefizc'Ya.

213 1322 286 1371 {ta
306 1323 611 1387 supplendum
630 1323 881 1371 monstrant
905 1330 946 1371 &
967 1323 1221 1388 superstites
1238 1324 1381 1371 literae
1397 1360 1411 1385 ,
1445 1329 1492 1373 δε

212 1405 418 1439 vacuum
441 1389 591 1452 ipsimi
616 1389 830 1453 spatium.
873 1389 1022 1437 Arma
1042 1404 1196 1438 autem
1216 1388 1487 1450 itineribus,

215 1456 666 1522 oppugnationibus,
695 1454 871 1519 proeliis
893 1455 1073 1518 deteri,
1099 1454 1310 1503 labefieri
1324 1469 1490 1503 notum

210 1538 270 1570 ac
290 1536 582 1585 compertum
607 1523 686 1569 est.
725 1522 831 1570 Nec
863 1520 918 1567 de
944 1521 1183 1570 itineribus
1215 1522 1388 1568 mirum
1410 1521 1490 1570 vi-

209 1587 375 1634 deatur
394 1624 406 1645 ‚
435 1587 540 1635 ct‘tm
561 1588 607 1636 in
633 1587 688 1635 iis
710 1586 822 1650 saepe
843 1586 1066 1635 caedendae
1087 1587 1228 1634 effent
1245 1588 1446 1635 materiae
1467 1624 1489 1650 ‚

205 1652 396 1717 aliaque
415 1653 662 1716 praestanda
680 1692 695 1715 ‚
735 1670 832 1716 quae
853 1651 1013 1715 paflim
1036 1667 1285 1701 occurrunt
1305 1653 1350 1701 in
1375 1671 1491 1702 ana-

214 1718 405 1785 glyphis
434 1719 675 1767 Columnae
701 1718 932 1783 Trajanae.

283 1785 471 1850 Divisit
492 1787 650 1834 militi.
676 1784 1000 1847 Supplendum
1019 1821 1034 1844 ,
1061 1798 1110 1832 ut
1127 1797 1277 1847 patet,
1304 1783 1450 1830 militi
1467 1819 1493 1845 ‚

211 1850 296 1898 vel
317 1852 566 1900 militibus.
606 1850 767 1899 Placet
789 1849 938 1916 magis
967 1851 1143 1912 militi,
1176 1867 1235 1898 ne
1271 1849 1495 1915 ambigua

211 1915 297 1964 fint
326 1934 422 1980 quae
449 1917 712 1981 sequuntur.

284 1985 402 2030 Tum
426 2001 611 2050 quoque
635 1981 782 2049 ipsos.
827 1981 952 2043 Ipsos
984 1995 1165 2044 quoque
1198 1978 1492 2027 centuriones

213 2047 357 2096 armis
397 2048 627 2098 instruxit.
687 2049 805 2111 Quae
842 2062 1031 2096 manent
1065 2046 1248 2106 literae,
1286 2045 1496 2108 Supple-

214 2128 429 2162 mentum
456 2117 498 2163 sa
523 2116 532 2125 '
577 2114 804 2175 indicant.

286 2131 664 2247 VestimeiQue
694 2180 880 2229 addita.
941 2179 1048 2228 Nec
1080 2175 1271 2224 difficile
1304 2192 1494 2240 quoque

209 2241 300 2294 :fuit
329 2246 717 2309 Supplementum
737 2283 752 2308 ‚
792 2264 874 2310 per
904 2245 948 2293 st:
980 2243 1080 2292 satis
1113 2242 1321 2291 obvium.

279 2312 352 2368 Et
388 2330 632 2377 operarum
667 2312 970 2377 impendium.
1022 2311 1072 2358 F
1071 2308 1213 2355 absos
1244 2310 1362 2355 enim
1397 2308 1494 2356 ad·-

209 2392 487 2427 vocaverat.
537 2379 592 2426 Id
612 2416 627 2440 ‚
663 2392 715 2425 ut
746 2378 909 2442 opinor
927 2414 945 2439 ,
976 2380 1019 2424 &
1051 2374 1155 2423 loco
1175 2378 1218 2423 &
1236 2373 1493 2428 narrationi

213 2443 566 2492 accomodatum
598 2443 847 2494 videbitur.

276 2508 508 2559 Bicumen
552 2526 908 2576 excoqueretur.
967 2506 1070 2554 Aut
1108 2519 1448 2569 excoqueretur
1465 2518 1490 2563 5

205 2585 284 2622 aut
310 2577 601 2643 eliquaretzcr
631 2574 960 2645 supplendum!
990 2570 1219 2629 Sertorius
1237 2569 1489 2645 machina-s
