1670 2961
295 148 836 193 141310R1ARUM
885 128 1046 193 Lim
1079 124 1158 192 11·
1270 150 1379 212 131

106 228 318 292 citandi
342 279 360 305 ,
401 230 494 292 sua
516 254 633 289 non
656 229 1031 291 occultabant.
1069 229 1270 308 Quieti
1294 234 1385 295 in·
1405 260 1599 289 :aaa

1406 290 1597 301 -————-—.

107 317 363 398 tentique
380 314 605 375 Caecina
622 337 683 371 ac
698 313 911 374 Valens
930 361 945 385 ‚
966 316 1197 394 quando
1220 317 1383 380 hostis
1407 319 1457 360 A.
1474 322 1526 360 U·
1545 321 1605 364 Cr

105 398 488 484 imprudentia
514 417 698 457 rueret
715 444 733 470 ,
769 397 925 477 quod
949 397 1077 457 loco
1103 397 1381 482 sapientiae
1449 396 1560 438 82²·

103 486 182 544 est
202 528 221 555 ,
270 481 515 542 alienam
563 481 854 541 stultitiam
902 482 1337 565 opperiebantur
1365 535 1383 561 ,

103 567 373 628 inchoato
413 586 585 650 ponte
624 564 915 626 transitum
947 566 1085 625 Padi
1116 565 1388 630 simulan-

103 669 189 711 tes
208 696 227 723 ,
250 650 510 711 adversus
533 648 844 733 oppofitam
868 649 1246 732 gladiatorum
1268 677 1390 714 ma·-

104 757 246 794 num
267 781 288 809 ,
328 758 390 795 ac
418 756 490 794 ne
518 731 767 817 ipsorum
796 734 960 792 miles
994 732 1162 816 segne
1197 738 1384 799 otium

104 838 327 885 tereret.
370 817 554 878 Naves
576 863 595 889 ,
635 816 754 900 pari
780 816 928 877 inter
952 815 1006 877 se
1031 816 1209 901 spatio
1231 867 1249 893 ‚
1285 845 1388 882 va·-

100 901 231 962 lidis
254 900 543 983 utrimque
565 900 815 971 trabibus
841 924 1103 962 connexae
1129 951 1148 976 ,
1187 904 1389 967 advet-

95 983 223 1050 sum
248 986 309 1046 in
331 984 548 1046 flumen
572 984 960 1069 dirigebantur
980 1033 996 1059 ‚
1037 987 1194 1068 jactis
1222 986 1384 1072 super

95 1070 316 1136 ancoris
340 1117 356 1142 ,
403 1092 524 1152 quae
550 1068 882 1129 firmitatem
910 1089 1392 1153 pontis·cont1ne-=·

96 1173 243 1219 tent.
288 1152 399 1213 Sed
436 1175 770 1219 ancorarum
809 1151 971 1214 funes
1008 1178 1125 1215 non
1169 1159 1386 1219 extenti

91 1234 391 1298 fluitabant
413 1283 435 1309 ,,
460 1258 523 1297 ut
544 1284 561 1310 ‚
586 1234 916 1320 augescente
934 1237 1170 1300 flumine
1188 1287 1205 1312 ,
1232 1241 1385 1302 inofl-

97 1319 282 1381 fensus
306 1320 449 1380 ordo
475 1322 710 1382 navium-
730 1320 1097 1385 attolleretur.
1131 1324 1383 1389 Claude-

94 1404 194 1467 bat
221 1425 460 1488 pontem
490 1404 754 1489 imposita
780 1407 944 1467 turris
964 1454 982 1480 ,
1019 1415 1079 1468 δε
1103 1407 1168 1467 in·
1195 1431 1380 1472 extre·

88 1510 253 1553 mam
281 1511 487 1550 navem
520 1491 759 1550 ecl-usta:
802 1489 956 1551 unde
986 1494 1389 1559 tormentisne

81 1572 368 1635 machinis
391 1574 573 1636 hostes
596 1572 1066 1659 propulsarentur.

172 1658 434 1722 XXXV.
489 1660 861 1720 OTHomAm
901 1660 963 1720 in
1004 1658 1127 1745 ripa
1177 1662 1386 1724 turrim-

85 1742 392 1804 struxerant
411 1791 429 1816 ‚
459 1739 696 1826 saxaque
721 1751 782 1804 δε
802 1742 950 1806 faces
970 1744 1387 1828 jaculabantur!-

88 1827 162 1898 Et
185 1847 301 1892 etat
321 1825 500 1889 insula
521 1851 690 1889 amne
719 1829 917 1889 medio
931 1876 949 1901 ‚
979 1831 1042 1892 in
1064 1853 1238 1912 quam
1261 1830 1380 1915 gla-

89 1908 334 1972 diatores
386 1912 621 1973 navibus
674 1911 978 1977 molientes
1017 1961 1037 1986 ,
1097 1915 1385 1976 Germani*

85 1994 282 2054 nando
327 1994 786 2079 praelabebantur.
858 1996 947 2057 Ac
995 1995 1142 2058 forte
1189 1998 1381 2083 plures

87 2078 443 2164 transgteffos
471 2128 490 2154 ‚
542 2079 840 2164 completis
891 2080 1180 2143 liburnicis
1212 2130 1230 2156 ‚
1274 2102 1387 2168 per

86 2163 523 2248 promptiffimos
548 2164 928 2250 gladiatorum
951 2167 1154 2228 Macer
1175 2167 1377 2252 adgree·

82 2244 253 2309 ditur.
297 2248 408 2311 Sed
446 2273 634 2332 neque
666 2273 733 2312 ea
757 2251 1064 2312 constantia
1089 2250 1374 2336 gladiato-

87 2330 240 2391 ribus
291 2333 365 2393 ad
413 2335 608 2417 proelia
638 2383 658 2410 ,
704 2359 826 2418 quae
872 2335 1147 2396 militibus
1183 2360 1201 2414 3
1264 2358 1374 2397 nec

82 2415 320 2499 perinde
344 2439 602 2481 nutantes
625 2442 655 2480 e
673 2420 906 2481 navibus
931 2463 949 2494 ,
992 2419 1164 2502 quam
1186 2418 1374 2481 stabili

83 2499 263 2581 gradu
286 2523 315 2560 e
340 2501 457 2584 ripa
473 2551 491 2576 ‚
512 2504 745 2565 vulnera
767 2503 1106 2586 dirigebant.
1137 2503 1208 2563 Et
1231 2501 1372 2566 cum

83 2584 247 2648 variis
271 2586 677 2671 trepidantium
698 2587 1177 2659 inclin-ationibuS,
1201 2587 1369 2651 mixti

1039 2673 1171 2754 ij

1440 474 1478 514 J.
1517 474 1576 516 C.-

1469 550 1554 600 ὅθι
