1714 2961
268 128 876 175 HISTORIARUM
935 109 1099 172 L113.
1142 112 1184 172 I.
1307 134 1389 188 47

100 215 242 280 servi
265 263 282 288 ,
328 223 386 275 &
425 207 797 271 contubernio
823 215 938 290 ejus
967 210 1189 272 abditus
1215 259 1231 284 ,
1270 236 1387 272 non
1408 239 1601 276 Ξ
1684 284 1688 290 ¹

103 302 378 385 religione
401 343 419 369 ,
460 316 565 353 nec
611 292 944 351 caerimoniis
972 341 989 365 ,
1037 294 1135 354 sed
1176 295 1388 357 latebra
1411 300 1462 340 A.
1480 299 1532 339 U.
1551 299 1605 339 c.

19 408 22 410 ·
102 386 410 447 imminens
433 377 668 438 exitium
700 373 997 437 differebat
1022 402 1033 436 τ
1061 378 1191 438 cum
1216 382 1387 441 adve-

103 491 237 532 nere
260 515 278 540 ,
317 460 483 524 missu
507 461 759 521 Othonis
783 508 800 534 ‚
834 463 1183 522 nominatim
1201 464 1266 523 'in
1291 489 1389 524 cae-

105 555 241 614 dem
280 557 396 632 ejus
440 545 698 607 ardentes
723 593 739 618 ,
780 545 1053 630 Sulpicius
1087 547 1316 622 Florus,
1357 573 1388 610 e

102 632 437 698 Britannicis
485 630 810 690 cohortibus
837 677 854 701 ‚
906 654 1083 714 nuper
1131 657 1163 692 a
1206 632 1391 692 Galba

106 720 331 782 civitate
356 717 593 776 donatus
611 761 627 785 ‚
658 723 715 773 δε
743 715 945 774 Statius
967 717 1202 777 Murcus
1224 765 1241 789 ,
1275 716 1393 798 spe-

106 803 319 866 culator
344 826 357 859 z
391 824 422 859 a
444 799 646 880 quibus
671 803 978 880 protractus
1008 799 1131 861 Piso
1152 850 1169 876 ,
1209 802 1269 860 in
1299 800 1392 860 fo-

19 962 25 966 *
109 889 258 947 ribus
283 883 483 965 templi
507 882 834 942 trucidatur.

188 970 398 1030 XLIV.
434 968 701 1026 NULLAM
736 965 951 1025 caedem
979 966 1144 1026 Otho
1176 974 1394 1049 majore

108 1052 297 1114 laetitia
323 1047 591 1134 excepisse
613 1098 630 1123 ‚
670 1049 894 1109 nullum
921 1072 1085 1134 caput
1109 1073 1227 1110 tam
1255 1051 1396 1112 insa-

110 1136 394 1200 tiabilibus
430 1133 604 1194 oculis
638 1133 976 1216 perlustrasse
1016 1135 1259 1194 dicitur:
1300 1135 1397 1197 seu

112 1242 233 1283 tum
280 1217 530 1305 primum
574 1216 755 1276 levata
806 1219 967 1276 omni
1015 1218 1394 1281 sollicitudine

115 1329 276 1367 mens
296 1352 312 1378 ‚
334 1324 526 1363 vacare
552 1300 758 1382 gaudio
783 1323 1027 1385 coeperat
1053 1328 1065 1361 :
1092 1302 1186 1362 seu
1212 1326 1396 1364 recor-

112 1390 267 1449 datio
293 1386 586 1469 majestatis
611 1386 671 1443 in
696 1385 878 1444 Galba
901 1434 918 1459 ,
950 1387 1213 1446 amicitiae
1234 1388 1298 1459 inl
1319 1390 1395 1449 T.

112 1473 291 1536 Vinio
309 1520 325 1544 ,
357 1470 614 1552 quamvis
643 1470 938 1529 immitem
965 1473 1223 1531 animum
1250 1473 1397 1534 ima-

115 1558 246 1642 gine
277 1556 414 1615 tristi
441 1552 791 1615 confuderat.
823 1553 1033 1614 Pisonis
1053 1605 1069 1629 ,
1093 1578 1154 1616 ut
1176 1557 1398 1616 inimici

114 1651 175 1705 ὃς
201 1639 422 1713 aemuli‚
455 1638 601 1699 caede
625 1637 795 1699 laetari
816 1687 834 1712 ,
876 1646 960 1721 jus
990 1638 1181 1722 fasque
1206 1641 1402 1702 crede-

116 1726 229 1786 bat.
282 1723 504 1784 Praefixa
546 1725 727 1783 contis
773 1726 953 1806 capita
1001 1725 1357 1808 gestabantur
1380 1774 1400 1800 ‚

118 1809 267 1868 inter
313 1807 466 1892 signa
509 1808 830 1868 cohortium
860 1855 877 1880 ‚
926 1816 1079 1890 juxta
1124 1808 1402 1890 Aquilam

120 1892 356 1975 legionis
377 1941 395 1966 ‚
424 1892 684 1951 certatim
714 1892 1116 1951 ostentantibus
1144 1913 1400 1953 cruentas

119 1999 319 2036 manus
336 2024 354 2049 ,
374 1976 474 2058 qui
494 1974 818 2034 occiderant
836 2022 852 2046 ,
877 1977 975 2056 qui
995 1975 1367 2037 interfuerant
1382 2024 1402 2050 ‚

119 2061 219 2142 qui
241 2062 369 2119 vere
391 2107 407 2131 ‚
447 2061 546 2140 qui
569 2057 709 2118 falso
732 2107 749 2132 ‚
788 2080 850 2117 ut
877 2059 1175 2142 pulchrum
1201 2070 1260 2122 &
1284 2085 1403 2123 me-

122 2143 398 2204 morabile
423 2141 635 2202 facinus
651 2192 666 2216 ,
691 2143 988 2225 jactabant.
1019 2145 1207 2205 Plures
1229 2145 1405 2226 quam

124 2249 355 2288 centum
380 2236 438 2288 δε
465 2228 668 2311 viginti
692 2226 915 2288 libellos
948 2229 1173 2312 praemia
1209 2228 1405 2312 expos-

125 2312 376 2371 centium
401 2361 417 2385 ,
459 2312 534 2370 ob
564 2311 813 2393 aliquam
841 2313 1155 2373 notabilem
1183 2312 1280 2371 illa
1309 2313 1404 2372 die

126 2418 358 2478 operam
376 2443 392 2466 ,
416 2396 684 2456 Vitellius
708 2397 893 2479 postea
912 2398 1129 2457 invenit
1151 2423 1164 2454 t
1187 2395 1406 2456 omnes-

127 2502 237 2561 que
259 2479 515 2559 conquiti
532 2489 587 2540 ὃς
607 2479 848 2539 interfici
862 2481 1035 2561 juffit3
1059 2504 1174 2539 non
1189 2480 1404 2542 honore

129 2562 324 2629 Galbae
356 2611 374 2637 ,
424 2561 520 2623 sed
560 2564 767 2623 tradito
812 2563 1158 2648 Principibus
1205 2586 1364 2625 more
1384 2610 1405 2637 ‚

1454 376 1565 417 822.

1447 454 1484 494 4L
1523 453 1574 494 C.
1654 472 1656 474 ·

1476 529 1556 576 69.
1620 553 1626 556 -
