1714 2961
46 273 97 316 A.
118 277 166 315 U.
186 276 235 317 C.

88 353 197 394 822..

81 432 116 469 J(
151 431 199 471 C.

107 506 183 554 69.

266 123 337 178 32
450 104 521 162 C.
567 103 1380 168 CORNEL112'I'ACIT1

266 201 638 281 manipulares
688 204 990 285 imperium
1041 206 1235 288 populi
1285 204 1532 267 Romani

266 282 717 345 transferendum
771 334 787 358 ‚
872 296 930 348 δε
992 289 1402 350 transtulerunt.
1467 293 1537 349 In

266 365 664 427 conscientiam
693 368 953 430 facinoris
981 374 1141 453 pauci
1179 371 1371 432 adsciti
1394 397 1405 429 z
1428 370 1540 431 sus-

265 449 463 533 pensos
488 472 805 512 ceterorum
826 455 1046 512 animos
1079 455 1302 515 diversis
1335 455 1542 515 artibus

267 533 550 594 stimulant
584 561 596 593 :
626 536 898 617 primores
933 536 1184 595 militum
1207 585 1224 610 ,
1274 561 1419 622 ceper
1442 539 1544 598 be·-

265 617 466 676 neficia
487 619 822 701 Nymphidii
859 640 919 678 ut
944 618 1215 702 suspectos
1237 650 1269 674 ω
1305 646 1317 678 z
1347 620 1546 703 vulgus

266 710 326 760 δε
356 721 569 760 ceteros
611 748 629 773 ‚
679 701 760 760 ira
803 712 862 762 δε
901 701 1287 786 desperatione
1326 732 1359 756 ce
1385 703 1548 763 dilati

265 815 300 841 22
312 784 518 843 totiens
548 785 800 845 donativi
821 815 854 838 ω
888 811 900 843 :
924 807 1079 845 erant
1108 811 1247 868 quos
1274 787 1552 847 memoria

266 867 549 940 NeroniS‚
598 891 658 927 ac
692 868 1031 928 desiderium
1074 871 1272 952 prioris
1313 870 1552 930 licentiae

268 950 602 1011 accenderet
643 976 656 1009 ε
691 945 750 1010 in
796 975 1103 1012 commune
1136 976 1334 1015 omnes
1394 973 1556 1014 metu

271 1034 556 1093 mutandae
603 1035 818 1093 militiae
855 1035 1224 1096 terrebantur.

360 1118 591 1178 XXVI..
622 1119 648 1178 I
670 1141 707 1176 N
727 1141 751 1177 Ρ
772 1140 798 1176 E
822 1141 851 1174 c
872 1142 889 1176 1
913 1142 947 1177 T
986 1141 1052 1178 ea
1080 1119 1234 1179 tabes
1265 1117 1560 1201 legionum

273 1223 501 1284 quoque
529 1247 546 1273 ‚
590 1208 650 1260 &
688 1200 1023 1261 auxiliorum
1057 1223 1238 1262 motas
1260 1210 1375 1284 jam
1401 1225 1560 1261 men-

273 1279 733 1365 tesfpoffquam
781 1284 1073 1385 vulgatum
1123 1307 1237 1346 erat
1292 1313 1327 1337 cc
1373 1284 1560 1344 labare

274 1397 309 1424 α)
322 1369 652 1426 Germanici
677 1369 946 1428 exercitus
982 1368 1157 1428 fidem
1177 1400 1237 1427 ³0,
1278 1367 1564 1448 Adeoque

280 1471 469 1534 parata
505 1451 651 1534 apud
695 1450 871 1510 malos
913 1450 1153 1524 seditiO,
1196 1451 1369 1512 etiam
1415 1450 1565 1532 apud

278 1536 528 1616 integros
592 1534 952 1596 dissimulatio
1001 1532 1109 1594 fuit
1139 1581 1156 1607 ,
1232 1555 1292 1593 ut
1344 1536 1564 1615 postero

283 1616 492 1678 Iduum
517 1617 608 1678 die
636 1666 651 1691 ‚
682 1618 1016 1679 redeuntem
1044 1643 1074 1677 a
1102 1617 1238 1677 cena
1261 1618 1566 1677 Othonem

285 1701 495 1783 rapturi
541 1699 791 1774 fuerint,
838 1701 938 1761 nifi
986 1702 1200 1761 incerta
1246 1700 1463 1773 noctiS,
1509 1707 1570 1759 δα

287 1782 405 1844 tota
452 1784 612 1844 Urbe
667 1784 841 1867 sparsa
899 1784 1150 1844 militum
1205 1785 1411 1855 castra,
1464 1805 1568 1842 nec

292 1865 522 1927 facilem
564 1868 712 1930 inter
752 1867 1093 1928 temulentos
1125 1866 1456 1940 consensum
1498 1866 1574 1924 ti·-

296 1948 559 2010 muiffent
599 1976 612 2009 τ
658 1975 774 2010 non
826 1950 1142 2033 reipublicae
1187 1949 1354 2023 cura,
1403 1972 1577 2029 quam

296 2033 510 2096 foedare
550 2035 818 2118 Prin-cipis
844 2033 926 2096 sui
967 2033 1235 2117 sanguine
1271 2032 1442 2091 sobrii
1478 2056 1576 2115 pa—

299 2117 497 2176 rabant
528 2165 543 2190 ,
576 2115 673 2177 sed
703 2142 774 2177 ne
801 2140 898 2199 per
923 2118 1178 2177 tenebras
1203 2164 1219 2188 ,
1257 2137 1318 2174 ut
1345 2114 1578 2196 quisque

298 2201 649 2272 Pannonici,
690 2201 779 2260 vel
820 2201 1146 2260 Germanici
1172 2198 1439 2258 exercitiis
1468 2199 1581 2256 mi-

303 2283 496 2346 lit-ibus
543 2283 761 2346 oblatus
809 2283 942 2343 esset
968 2332 985 2356 ,
1035 2282 1419 2365 ignorantibus
1463 2281 1584 2364 ple-

306 2366 527 2448 risque,
570 2389 670 2450 pro
712 2367 949 2428 Othone
990 2365 1367 2425 destinaretur.
1394 2364 1586 2424 Multa

309 2452 652 2533 erumpentis
693 2449 980 2511 seditionis
1012 2449 1220 2509 indicia
1244 2497 1259 2521 ‚
1300 2470 1397 2531 per
1424 2446 1584 2506 cons-

310 2533 425 2596 cios
453 2533 703 2624 oppreffa
726 2559 740 2599 z,
766 2533 1022 2617 quaedam
1045 2532 1193 2618 apud
1215 2531 1404 2594 Galbae
1428 2553 1588 2601 auree,
