1670 2961
280 154 891 201 H1sT0R1ARUM
944 131 1109 196 Lis.
1149 134 1192 196 Ῑ.
1299 131 1375 193 ”61

109 237 394 321 publicam
443 236 620 298 fuiffe.
703 235 990 295 Ardorem
1038 233 1594 294 exercituum====

108 321 539 406 Agrippinenses
560 367 576 393 ‚
599 319 837 377 Treveri
857 365 874 390 ‚
898 319 1182 399 Lingones
1204 341 1382 399 aequa·
1401 312 1450 352 A.
1474 312 1521 349 U·
1542 311 1597 350 G-

111 404 248 465 bant
268 452 284 476 ‚
318 433 351 457 ct
370 403 570 463 auxilia
587 450 603 474 ,
627 425 831 483 equos,
856 423 1042 472 arma,
1065 403 1323 481 pecunias
1341 431 1373 456 ω
1441 378 1558 495 ξιξ·

108 487 403 547 offerentes
424 536 439 560 ‚
472 508 533 546 ut
564 486 796 568 quisque
829 506 1059 567 corpore
1081 531 1097 556 ‚
1135 484 1335 566 opibus
1365 531 1384 557 ,
1459 479 1558 575 ἐ9.’

107 571 338 653 ingenio
366 571 598 631 validus.
643 571 762 628 Nec
787 570 1061 651 principes
1085 567 1263 626 modo
1288 590 1386 627 co-
1504 579 1519 583 ‘

109 652 390 713 loniarum
418 702 433 725 ‚
480 675 574 712 aut
618 654 956 724 castrorum,
998 651 1200 732 quibus
1246 673 1386 732 prae-

107 735 283 796 sentia
301 761 366 797 ex
384 736 652 808 affluenti,
674 745 731 795 &
745 734 896 818 parta
918 732 1149 793 vi6toria
1169 758 1388 817 magnae

108 819 226 903 spes
252 846 263 878 :
299 820 395 880 sed
420 818 693 901 manipuli
716 841 943 900 quoque
969 866 989 890 ,
1024 826 1080 878 δε
1102 819 1386 900 gregarius

109 903 313 976 mile3‚
362 904 565 963 viatica
612 901 745 976 sua,
794 912 852 963 &
893 901 1106 961 balteos
1132 948 1148 972 ‚
1196 901 1386 984 phale-

106 985 299 1068 rasque
320 1034 337 1059 ‚
379 986 614 1070 insignia
643 1009 931 1046 armorum
952 1006 1184 1068 argento
1211 985 1385 1045 deco-

104 1093 196 1142 ra,
229 1070 353 1129 loco
379 1070 622 1154 pecuniae
647 1069 978 1130 tradebant:
999 1071 1258 1151 instintfi’cu
1280 1117 1298 1143 ,
1324 1078 1388 1131 &

107 1155 326 1235 impetu
345 1202 361 1226 ‚
394 1163 451 1214 ὅ(
474 1154 717 1213 avaritia.

199 1239 402 1299 LVIII.
429 1241 642 1296 Ion-im
667 1284 691 1310 ,⁷
728 1233 950 1295 laudata
980 1234 1231 1295 militum
1273 1234 1387 1296 ala-

108 1320 301 1380 critate
317 1369 334 1392 ‚
367 1319 665 1392 VitelliuS‚
690 1320 993 1379 ministeria
1015 1318 1388 1402 principatfiS,

109 1427 208 1486 per
234 1404 464 1464 libertos
509 1405 600 1487 agi
623 1402 814 1476 solita,
838 1405 898 1462 in
923 1404 1142 1485 equites
1167 1405 1389 1483 Rorna-

107 1511 208 1548 nos
252 1486 497 1571 disponit
543 1512 556 1545 :
607 1489 924 1548 vacationes
964 1487 1388 1549 centurionibus

107 1593 175 1631 ex
226 1570 356 1631 fisco
407 1592 666 1632 numerat
709 1597 723 1631 ε
775 1572 1039 1632 saevitiam
1085 1571 1336 1631 militum
1366 1620 1385 1645 ,

106 1654 399 1739 plerosque
430 1656 502 1715 ad
542 1679 770 1739 poenam
807 1654 1226 1738 exposcentium
1250 1704 1267 1729 ‚
1291 1655 1387 1715 sae-

108 1739 228 1822 pius
267 1739 536 1823 approbat
559 1787 575 1812 ‚
629 1741 832 1823 partim
874 1738 1229 1800 fimulatione
1260 1741 1386 1800 vin-

113 1822 367 1882 culorum
381 1822 682 1883 frustratur.
701 1825 999 1906 Pompeius
1017 1824 1392 1906 Propinquu8‚'

111 1928 434 1988 procurator
482 1906 719 1989 Belgicae
753 1955 770 1979 ‚
819 1909 1002 1965 statim
1043 1905 1389 1968 interfecstus,

108 1990 147 2054 J
152 1988 330 2048 ulium
384 1990 710 2050 Burdonem
747 2038 764 2062 ‚
815 1991 1163 2049 Germanicae
1218 1990 1391 2052 claffis

110 2071 434 2156 praefectum
458 2121 475 2146 ,
517 2075 630 2133 astu
674 2072 957 2135 subtraxit.
1005 2072 1284 2134 Exarserat
1327 2076 1389 2135 in

114 2178 247 2216 eum
287 2157 574 2216 iracundia
614 2156 929 2231 exercitus,
977 2178 1245 2239 tanquam
1288 2159 1391 2218 cri-

112 2262 286 2312 men,
338 2265 399 2300 ac
447 2264 579 2300 mox
621 2240 882 2313 infidias,
927 2244 1161 2301 Fonteio
1214 2243 1392 2324 Capivg

111 2324 235 2383 toni
270 2322 548 2384 struxisset.
588 2328 762 2383 Grata
802 2345 918 2384 erat
955 2326 1232 2385 memoria
1275 2328 1389 2383 Ca·-

115 2407 322 2490 pitonis
373 2432 385 2466 :
439 2416 496 2468 δε
555 2409 703 2491 apud
777 2406 1057 2468 saevientes
1130 2408 1388 2468 occid-ere

112 2489 299 2572 palam
345 2537 361 2562 ‚
425 2491 709 2573 ignoscere
779 2516 894 2551 non
970 2491 1070 2550 nisi
1137 2489 1390 2550 fallendo

111 2573 336 2635 licebat.
386 2576 472 2636 Ita
525 2574 770 2637 custodia
816 2574 1037 2637 habitus
1090 2598 1103 2633 ι
1155 2582 1212 2636 &
1271 2576 1391 2657 post
