1714 2961
326 126 938 167 H1sToR1ARUM
996 108 1159 168 LIB.
1202 106 1244 167 Ι.
1365 125 1430 184 31

160 204 261 266 bus
298 207 450 267 adire
478 206 661 278 soliti,
685 208 995 264 Pirenaeum
1016 254 1033 278 ,
1060 216 1116 266 δε
1135 206 1306 289 Alpes
1327 253 1345 278 ‚
1379 214 1437 266 δέ
1463 232 1654 268 Ξ

158 289 435 351 immensa
459 292 674 349 viarum
708 287 880 371 spatia
900 336 918 360 ,
957 311 1097 370 aegre
1125 289 1224 348 sub
1271 290 1436 349 armis
1463 288 1581 329 A.U.
1601 291 1651 329 C·

157 375 516 433 eniterentur.
554 389 564 392 “
1508 364 1616 406 8²²·

253 457 477 517 XXIV.
514 459 974 515 FLAGRANTIBUS
1017 460 1133 535 jam
1183 452 1434 513 militum
1506 443 1617 484 ΨΟ·

153 538 354 597 animis
390 587 407 612 ‚
466 539 621 600 velut
668 536 814 598 faces
866 537 1160 597 addiderat
1198 537 1435 596 Maevius
1519 521 1595 569 ⁶9¹

151 622 374 682 Pudens
397 671 414 695 ‚
455 646 485 683 e
521 623 788 706 proximis
830 621 1106 702 Tigellini
1138 646 1150 678 :
1176 621 1220 679 is
1248 620 1438 680 mobi—

152 705 414 764 liffimum
466 727 753 787 quemque
796 705 1027 787 ingenio
1059 751 1076 776 ‚
1130 724 1225 763 aut
1272 727 1439 786 pecu-

153 789 256 847 niae
295 789 559 870 indigum
603 836 620 861 ,
674 796 732 847 δε
775 788 834 845 in
887 810 1057 847 novas
1105 788 1437 870 cupiditates

149 872 491 954 praecipitem
512 870 814 931 alliciendo
838 918 855 944 ‚
894 872 962 930 eo
996 871 1290 958 paullatim
1313 894 1439 953 pro-

150 952 354 1037 gressus
397 957 508 1027 est,
549 977 611 1015 ut
642 1003 659 1028 ,
713 977 811 1038 per
859 952 1104 1036 speciem
1151 955 1436 1028 convivii,

147 1040 406 1118 quotiens
446 1039 630 1099 Galba
668 1038 817 1121 apud
842 1037 1143 1097 Othonem
1182 1038 1437 1122 epulare-

144 1141 233 1182 tur
258 1170 275 1193 ,
318 1122 578 1196 cohorti,
642 1122 896 1181 excubias
937 1123 1128 1205 agenti
1160 1170 1177 1196 ,
1224 1123 1438 1183 viritim

143 1226 415 1265 centenos
447 1228 711 1264 nummos
743 1205 1057 1265 divideret:
1085 1229 1256 1288 quam
1282 1206 1438 1266 velut

145 1289 427 1372 publicam
467 1289 864 1370 largitionem,
911 1290 1075 1349 Otho
1101 1339 1118 1363 ,
1172 1289 1437 1350 secretio-

143 1372 291 1432 ribus
340 1372 488 1455 apud
531 1372 771 1454 fingulos
815 1374 1052 1456 praemiis
1094 1422 1111 1447 ,
1176 1374 1437 1434 intende-

142 1455 239 1515 bat
277 1482 291 1516 :
326 1458 469 1516 adeo
493 1455 773 1516 animosus
811 1478 1139 1538 corruptor,
1186 1479 1249 1518 ut
1284 1459 1431 1517 Coc-

143 1540 265 1599 ceio
325 1543 564 1599 Proculo
609 1588 626 1612 ,
688 1538 1019 1622 speculatori
1063 1589 1082 1615 ,
1145 1541 1217 1600 de
1276 1563 1437 1625 parte

140 1623 344 1682 finium
373 1646 505 1683 cum
528 1624 716 1685 vicino
737 1624 1088 1707 ambigenti,
1111 1625 1436 1686 universum

140 1706 311 1768 vicini
370 1730 570 1790 agrum
612 1757 630 1782 ,
663 1706 780 1767 'sua
834 1707 1072 1792 pecunia
1126 1729 1387 1792 emptum
1412 1757 1432 1785 ,

143 1790 297 1850 dono
342 1790 609 1862 dederit,
643 1814 742 1874 per
785 1789 1102 1852 socordiam
1144 1790 1431 1874 praefeCfi,

139 1896 315 1956 quem
352 1898 487 1936 nota
514 1875 718 1958 pariter
743 1883 800 1934 &
834 1876 1054 1935 occulta
1091 1874 1385 1936 fallebant.

222 1959 419 2020 XXV.
453 1962 561 2018 SED
593 1977 716 2018 tum
745 1980 774 2017 e
799 1957 1012 2019 libertis
1047 1960 1431 2020 Onomastum

140 2036 332 2099 futuro
362 2041 555 2102 sceleri
600 2039 846 2124 praefecit
872 2089 889 2115 ,
930 2068 962 2102 a
1005 2066 1120 2124 quo
1155 2043 1428 2103 Barbium

139 2124 444 2184 Proculum
468 2175 485 2199 ,
521 2124 866 2186 tefferarium
889 2125 1300 2210 speculatorum
1321 2175 1337 2200 ‚
1368 2136 1427 2188 &

135 2206 490 2290 Veturium,
533 2210 832 2294 optionem
880 2211 1257 2284 eorumdem,
1296 2233 1426 2294 per-

136 2288 333 2352 ductos
357 2339 375 2364 ,
404 2296 694 2375 postquam
720 2294 873 2354 vario
905 2289 1163 2354 sermone
1191 2294 1422 2354 callidos

137 2373 478 2457 audacesque
533 2379 802 2462 cognovit
830 2426 847 2451 ,
908 2380 1089 2463 pretio
1128 2427 1144 2452 ‚
1196 2387 1254 2438 δε
1291 2400 1424 2461 pro-

135 2458 305 2518 miffis
352 2481 590 2534 onerat,
641 2462 772 2521 data
805 2462 1041 2545 pecunia
1084 2463 1155 2521 ad
1200 2483 1421 2544 perten-

134 2542 337 2606 tandos
382 2543 632 2627 plurium
681 2541 919 2606 animos,
969 2542 1265 2627 Suscepere
1305 2546 1422 2607 duo

1103 2627 1252 2690 Biv
