1659 2928
0 0 55 71 ff
123 22 126 24 ,

261 150 830 195 nstoruAer
880 133 1121 195 Nom.
1215 156 1337 213 479

54 235 170 288 'dum
189 272 203 295 ,
236 251 318 284 cur
352 230 666 299 resumpstsenr
692 249 819 282 arma
845 250 865 291 ;
900 250 957 282 ,ut
979 233 1152 300 placuit
1175 234 1339 302 Lipfio

59 312 107 354 &
142 302 329 367 optimis
365 298 700 365 interpretibus.

125 367 308 415 Prioris
338 366 616 430 ignomimae.
671 362 830 413 Cladis
853 363 1179 414 Bebriacenfis.
1216 366 1342 419 Vide

61 449 254 505 quoque
276 430 489 489 Hist.11,
515 434 592 477 86.

129 501 200 547 M.
233 495 433 545 Antonio
470 493 683 544 earrhoe.
711 493 855 543 Anno
882 493 950 543 U.
971 495 1030 545 C.
1057 512 1343 562 Dccxvnr,

61 560 257 614 Parthos
299 561 428 612 clade
473 560 624 612 affecit
659 560 908 611 Antonius.
973 562 1095 613 Vide
1132 563 1342 618 Dionem

65 629 240 683 XLIX
263 668 278 690 ‚
310 647 423 698 pag.
454 647 547 688 409
580 635 624 677 ὅ(
657 626 700 676 se
774 662 786 676 .

135 695 392 746 Corbulone
423 695 684 746 Armenios.
705 646 847 747 q&ide
875 692 1006 760 supra
1026 695 1202 747 Annal.
1225 697 1350 762 XV,

70 770 154 816 26.

136 827 301 890 Nuper
341 826 606 878 Sarmatas.
651 826 882 875 Sarmatas
919 826 1260 893 Rhoxolanos;
1302 844 1355 882 ut

69 895 245 946 dietum
281 895 345 943 est
379 893 510 961 supra
543 892 664 941 Hist.
694 892 750 954 Ι,
786 910 866 950 79.

136 960 339 1027 Pagani.
382 960 648 1009 Praetoriani
677 996 691 1019 ,
731 958 813 1007 nisi
849 958 1094 1010 vincebant
1116 999 1130 1022 ,
1177 963 1355 1028 pagani

69 1044 203 1078 erant
224 1066 237 1087 ,
263 1025 312 1074 id
341 1029 403 1075 est
426 1045 524 1075 non
548 1027 744 1088 milites3
779 1024 1001 1093 siquidem
1024 1045 1103 1077 eos
1127 1027 1357 1081 dimiserat

74 1093 292 1145 Vitellius
313 1131 326 1153 ,
367 1092 569 1160 aliasque
599 1094 832 1159 praetorias
866 1092 1078 1143 cohortes
1109 1094 1358 1162 scripserat.

74 1160 190 1211 Ideo
214 1177 356 1227 penes
375 1160 618 1210 Vitellium
647 1161 1027 1225 praetorianorum
1050 1161 1176 1228 signa
1201 1180 1362 1213 arma-

77 1245 171 1297 que
189 1265 202 1286 ,
237 1232 283 1274 &
306 1245 430 1276 mors
452 1229 580 1276 viffls
608 1225 879 1288 certissima3
912 1244 1019 1276 nam
1047 1231 1060 1275 i
1101 1231 1358 1279 nominiam

76 1291 482 1359 consumpserant,
514 1295 580 1344 bis
609 1294 716 1343 viffl
735 1331 750 1353 ‚
781 1292 978 1343 Othone
1003 1311 1057 1344 ac
1126 1293 1363 1363 espafiano

77 1360 386 1425 Principibus.

150 1425 444 1477 Salutavere.
464 1426 626 1478 Tertia
646 1427 771 1493 legio
791 1463 803 1484 ,
837 1443 938 1493 quae
963 1443 988 1475 e
1014 1426 1146 1495 Syria
1164 1429 1211 1476 in
1239 1425 1368 1476 Moe·

83 1491 194 1542 siam
229 1508 446 1552 venerat,
484 1492 730 1543 Orientem
756 1490 898 1540 solem
921 1491 1140 1542 salutavit.
1172 1494 1367 1542 Parthos

85 1558 335 1608 Orientem
374 1558 518 1607 solem
550 1575 727 1624 magno
765 1558 968 1606 clamore
1005 1576 1111 1606 ante
1146 1561 1368 1626 proelium

85 1621 330 1676 salutantes
368 1625 472 1674 vide
504 1623 631 1692 apud
659 1623 985 1674 Herodianum
1012 1624 1102 1687 IV,
1142 1643 1217 1687 ις.

159 1758 288 1808 CAP.
312 1756 481 1807 XXV.
513 1753 717 1805 Invicem
740 1755 969 1822 saluraffe.
1002 1756 1120 1806 Inde
1149 1756 1255 1807 sane
1276 1758 1373 1810 Vi⁴

46 1833 49 1835 “
92 1823 305 1876 tellianos
342 1827 460 1871 inter
493 1827 540 1869 &
574 1821 824 1872 Flavianos
862 1838 1040 1871 mutuas
1079 1830 1124 1871 8(
1161 1826 1376 1875 ridiculas

91 1893 375 1941 exercituum
392 1887 682 1938 salutationes
700 1895 746 1936 &
768 1893 1139 1955 compotationes
1162 1890 1375 1959 fingendi

97 1955 258 2007 ansam
291 1957 482 2022 arripuit
503 1952 602 2004 Dio
620 1953 782 2015 LXV,
804 1972 915 2021 pag.
936 1974 1049 2018 739.

169 2022 461 2073 Precabatur
484 2020 710 2082 placatos.
735 2020 1008 2070 Precabatur
1030 2025 1169 2089 patris
1193 2041 1351 2074 manes
1365 2037 1386 2088 ,'

100 2105 152 2139 ur
174 2088 253 2137 fibi
277 2090 448 2155 placati
471 2085 624 2137 essent.
668 2087 736 2136 Ni
769 2087 886 2137 forte
921 2089 1264 2138 emendandum
1299 2091 1382 2154 fit,

102 2154 368 2223 voceflebili
388 2154 494 2204 deos
504 2153 777 2216 precabatur
795 2172 850 2204 ne
864 2155 1018 2217 piatos
1030 2156 1184 2219 patris
1200 2174 1382 2223 manes,

100 2220 281 2288 nevese
306 2237 355 2272 ut
372 2220 660 2285 parricidam
681 2222 1016 2287 aversarentur.

172 2351 502 2409 Cim-XXVI.
515 2353 781 2406 Othoniano
796 2351 925 2404 bello.
936 2353 1086 2423 Supra
1102 2352 1222 2403 Hist.
1233 2355 1293 2416 11,
1311 2368 1390 2404 220·

173 2485 300 2536 Cu.
319 2484 534 2537 XXVII.
565 2484 774 2536 Coronci.
805 2485 1000 2536 Corona
1028 2487 1238 2533 militum.

177 2552 470 2620 Bebriacenfi
494 2552 600 2602 vice.
636 2552 740 2604 Viae
763 2590 775 2611 ‚
811 2569 913 2618 quae
935 2550 1172 2600 Cremona
1196 2552 1390 2601 Bebria-

111 2635 223 2677 eum
247 2619 446 2673 duceret.
469 2618 583 2672 Inde
596 2635 725 2690 patet
740 2618 1013 2681 BQriacum
1030 2636 1128 2670 non
1141 2616 1230 2670 effe
1247 2618 1392 2685 Bina,
